Type, Price, quantity, date
YMH9, 26065.0, 1, 2019-02-25 11:36:38
YMH9, 26065.0, 1, 2019-02-25 11:36:39
YMH9, 26064.0, 1, 2019-02-25 11:36:39
YMH9, 26064.0, 1, 2019-02-25 11:36:41
YMH9, 26064.0, 1, 2019-02-25 11:36:42
YMH9, 26064.0, 1, 2019-02-25 11:36:43
YMH9, 26064.0, 1, 2019-02-25 11:36:44
YMH9, 26064.0, 1, 2019-02-25 11:36:45
YMH9, 26064.0, 1, 2019-02-25 11:36:47
YMH9, 26064.0, 1, 2019-02-25 11:36:48
YMH9, 26064.0, 1, 2019-02-25 11:36:49
YMH9, 26064.0, 1, 2019-02-25 11:36:51
YMH9, 26064.0, 1, 2019-02-25 11:36:53
YMH9, 26062.0, 2, 2019-02-25 11:36:56
YMH9, 26062.0, 2, 2019-02-25 11:36:57
YMH9, 26062.0, 2, 2019-02-25 11:36:58
YMH9, 26062.0, 1, 2019-02-25 11:36:59
YMH9, 26062.0, 1, 2019-02-25 11:37:01
YMH9, 26062.0, 1, 2019-02-25 11:37:02
YMH9, 26062.0, 1, 2019-02-25 11:37:03
YMH9, 26062.0, 1, 2019-02-25 11:37:04
YMH9, 26062.0, 1, 2019-02-25 11:37:05
YMH9, 26062.0, 1, 2019-02-25 11:37:06
YMH9, 26062.0, 1, 2019-02-25 11:37:07
YMH9, 26062.0, 1, 2019-02-25 11:37:08
YMH9, 26062.0, 1, 2019-02-25 11:37:09
YMH9, 26062.0, 1, 2019-02-25 11:37:10
YMH9, 26062.0, 1, 2019-02-25 11:37:13
YMH9, 26062.0, 1, 2019-02-25 11:37:15
YMH9, 26062.0, 1, 2019-02-25 11:37:16
YMH9, 26062.0, 1, 2019-02-25 11:37:17
YMH9, 26062.0, 1, 2019-02-25 11:37:18
YMH9, 26062.0, 1, 2019-02-25 11:37:19
YMH9, 26062.0, 1, 2019-02-25 11:37:20
YMH9, 26061.0, 1, 2019-02-25 11:37:21
YMH9, 26061.0, 1, 2019-02-25 11:37:22
YMH9, 26061.0, 1, 2019-02-25 11:37:24
YMH9, 26061.0, 1, 2019-02-25 11:37:27
YMH9, 26061.0, 1, 2019-02-25 11:37:28
YMH9, 26061.0, 1, 2019-02-25 11:37:29
YMH9, 26063.0, 1, 2019-02-25 11:37:30
YMH9, 26063.0, 1, 2019-02-25 11:37:32
YMH9, 26063.0, 1, 2019-02-25 11:37:34
YMH9, 26063.0, 1, 2019-02-25 11:37:35
YMH9, 26064.0, 3, 2019-02-25 11:37:37
YMH9, 26065.0, 1, 2019-02-25 11:37:38
YMH9, 26065.0, 1, 2019-02-25 11:37:39
YMH9, 26066.0, 1, 2019-02-25 11:37:40
YMH9, 26066.0, 1, 2019-02-25 11:37:41
YMH9, 26066.0, 1, 2019-02-25 11:37:43
YMH9, 26066.0, 1, 2019-02-25 11:37:44
YMH9, 26066.0, 1, 2019-02-25 11:37:45
YMH9, 26066.0, 1, 2019-02-25 11:37:46
YMH9, 26066.0, 1, 2019-02-25 11:37:48
YMH9, 26066.0, 1, 2019-02-25 11:37:49
YMH9, 26066.0, 1, 2019-02-25 11:37:50
YMH9, 26066.0, 1, 2019-02-25 11:37:52
YMH9, 26066.0, 1, 2019-02-25 11:37:53
YMH9, 26066.0, 1, 2019-02-25 11:37:54
YMH9, 26066.0, 1, 2019-02-25 11:37:56
YMH9, 26066.0, 1, 2019-02-25 11:37:58
YMH9, 26066.0, 1, 2019-02-25 11:37:59
YMH9, 26066.0, 1, 2019-02-25 11:38:00
YMH9, 26066.0, 1, 2019-02-25 11:38:01
YMH9, 26066.0, 1, 2019-02-25 11:38:02
YMH9, 26067.0, 1, 2019-02-25 11:38:04
YMH9, 26068.0, 2, 2019-02-25 11:38:05
YMH9, 26068.0, 2, 2019-02-25 11:38:06
YMH9, 26067.0, 1, 2019-02-25 11:38:07
YMH9, 26067.0, 1, 2019-02-25 11:38:08
YMH9, 26067.0, 1, 2019-02-25 11:38:09
YMH9, 26067.0, 1, 2019-02-25 11:38:10
YMH9, 26067.0, 1, 2019-02-25 11:38:11
YMH9, 26067.0, 1, 2019-02-25 11:38:12
YMH9, 26067.0, 1, 2019-02-25 11:38:13
YMH9, 26067.0, 1, 2019-02-25 11:38:14
YMH9, 26067.0, 1, 2019-02-25 11:38:15
YMH9, 26067.0, 1, 2019-02-25 11:38:16
YMH9, 26067.0, 1, 2019-02-25 11:38:17
YMH9, 26067.0, 1, 2019-02-25 11:38:18
YMH9, 26067.0, 1, 2019-02-25 11:38:19
YMH9, 26067.0, 1, 2019-02-25 11:38:21
YMH9, 26067.0, 1, 2019-02-25 11:38:22
YMH9, 26067.0, 1, 2019-02-25 11:38:23
YMH9, 26067.0, 1, 2019-02-25 11:38:24
YMH9, 26067.0, 1, 2019-02-25 11:38:25
YMH9, 26067.0, 1, 2019-02-25 11:38:26
YMH9, 26067.0, 1, 2019-02-25 11:38:27
YMH9, 26067.0, 1, 2019-02-25 11:38:28
YMH9, 26067.0, 1, 2019-02-25 11:38:29
YMH9, 26067.0, 1, 2019-02-25 11:38:30
YMH9, 26067.0, 1, 2019-02-25 11:38:31
YMH9, 26067.0, 1, 2019-02-25 11:38:33
YMH9, 26068.0, 1, 2019-02-25 11:38:35
YMH9, 26067.0, 1, 2019-02-25 11:38:36
YMH9, 26067.0, 1, 2019-02-25 11:38:39
YMH9, 26067.0, 1, 2019-02-25 11:38:40
YMH9, 26067.0, 1, 2019-02-25 11:38:42
YMH9, 26067.0, 1, 2019-02-25 11:38:43
YMH9, 26067.0, 1, 2019-02-25 11:38:44
YMH9, 26067.0, 1, 2019-02-25 11:38:45
YMH9, 26067.0, 1, 2019-02-25 11:38:48
YMH9, 26067.0, 1, 2019-02-25 11:38:49
YMH9, 26067.0, 1, 2019-02-25 11:38:51
YMH9, 26067.0, 1, 2019-02-25 11:38:53
YMH9, 26066.0, 5, 2019-02-25 11:38:56
YMH9, 26066.0, 5, 2019-02-25 11:38:58
YMH9, 26066.0, 5, 2019-02-25 11:39:00
YMH9, 26066.0, 5, 2019-02-25 11:39:01
YMH9, 26066.0, 5, 2019-02-25 11:39:02
YMH9, 26066.0, 5, 2019-02-25 11:39:03
YMH9, 26066.0, 5, 2019-02-25 11:39:04
YMH9, 26066.0, 5, 2019-02-25 11:39:05
YMH9, 26066.0, 5, 2019-02-25 11:39:06
YMH9, 26066.0, 5, 2019-02-25 11:39:07
YMH9, 26066.0, 5, 2019-02-25 11:39:08
YMH9, 26066.0, 5, 2019-02-25 11:39:09
YMH9, 26066.0, 5, 2019-02-25 11:39:10
YMH9, 26066.0, 5, 2019-02-25 11:39:11
YMH9, 26067.0, 1, 2019-02-25 11:39:13
YMH9, 26067.0, 1, 2019-02-25 11:39:14
YMH9, 26066.0, 1, 2019-02-25 11:39:15
YMH9, 26066.0, 1, 2019-02-25 11:39:16
YMH9, 26066.0, 1, 2019-02-25 11:39:17
YMH9, 26066.0, 1, 2019-02-25 11:39:18
YMH9, 26066.0, 1, 2019-02-25 11:39:19
YMH9, 26066.0, 1, 2019-02-25 11:39:21
YMH9, 26066.0, 1, 2019-02-25 11:39:24
YMH9, 26066.0, 1, 2019-02-25 11:39:26
YMH9, 26066.0, 1, 2019-02-25 11:39:27
YMH9, 26066.0, 1, 2019-02-25 11:39:29
YMH9, 26066.0, 1, 2019-02-25 11:39:30
YMH9, 26066.0, 1, 2019-02-25 11:39:32
YMH9, 26066.0, 1, 2019-02-25 11:39:33
YMH9, 26066.0, 1, 2019-02-25 11:39:34
YMH9, 26067.0, 1, 2019-02-25 11:39:35
YMH9, 26067.0, 1, 2019-02-25 11:39:36
YMH9, 26067.0, 1, 2019-02-25 11:39:37
YMH9, 26067.0, 1, 2019-02-25 11:39:41
YMH9, 26066.0, 1, 2019-02-25 11:39:43
YMH9, 26065.0, 1, 2019-02-25 11:39:43
YMH9, 26065.0, 1, 2019-02-25 11:39:45
YMH9, 26064.0, 1, 2019-02-25 11:39:46
YMH9, 26064.0, 1, 2019-02-25 11:39:47
YMH9, 26064.0, 1, 2019-02-25 11:39:48
YMH9, 26064.0, 1, 2019-02-25 11:39:50
YMH9, 26064.0, 1, 2019-02-25 11:39:53
YMH9, 26064.0, 1, 2019-02-25 11:39:54
YMH9, 26064.0, 1, 2019-02-25 11:39:55
YMH9, 26064.0, 1, 2019-02-25 11:39:56
YMH9, 26064.0, 1, 2019-02-25 11:39:57
YMH9, 26064.0, 1, 2019-02-25 11:39:58
YMH9, 26064.0, 1, 2019-02-25 11:40:00
YMH9, 26064.0, 1, 2019-02-25 11:40:01
YMH9, 26064.0, 1, 2019-02-25 11:40:06
YMH9, 26066.0, 3, 2019-02-25 11:40:09
YMH9, 26066.0, 3, 2019-02-25 11:40:10
YMH9, 26065.0, 1, 2019-02-25 11:40:11
YMH9, 26065.0, 1, 2019-02-25 11:40:12
YMH9, 26065.0, 1, 2019-02-25 11:40:14
YMH9, 26065.0, 1, 2019-02-25 11:40:16
YMH9, 26065.0, 1, 2019-02-25 11:40:20
YMH9, 26065.0, 1, 2019-02-25 11:40:21
YMH9, 26065.0, 1, 2019-02-25 11:40:23
YMH9, 26065.0, 1, 2019-02-25 11:40:24
YMH9, 26065.0, 1, 2019-02-25 11:40:25
YMH9, 26065.0, 1, 2019-02-25 11:40:28
YMH9, 26065.0, 1, 2019-02-25 11:40:29
YMH9, 26065.0, 1, 2019-02-25 11:40:33
YMH9, 26065.0, 1, 2019-02-25 11:40:34
YMH9, 26065.0, 1, 2019-02-25 11:40:40
YMH9, 26065.0, 1, 2019-02-25 11:40:41
YMH9, 26065.0, 1, 2019-02-25 11:40:42
YMH9, 26066.0, 2, 2019-02-25 11:40:43
YMH9, 26066.0, 2, 2019-02-25 11:40:47
YMH9, 26066.0, 2, 2019-02-25 11:40:48
YMH9, 26064.0, 1, 2019-02-25 11:40:50
YMH9, 26064.0, 1, 2019-02-25 11:40:51
YMH9, 26064.0, 1, 2019-02-25 11:40:55
YMH9, 26064.0, 1, 2019-02-25 11:40:56
YMH9, 26064.0, 1, 2019-02-25 11:40:59
YMH9, 26064.0, 1, 2019-02-25 11:41:00
YMH9, 26064.0, 1, 2019-02-25 11:41:01
YMH9, 26064.0, 1, 2019-02-25 11:41:02
YMH9, 26064.0, 1, 2019-02-25 11:41:03
YMH9, 26064.0, 1, 2019-02-25 11:41:04
YMH9, 26064.0, 1, 2019-02-25 11:41:05
YMH9, 26064.0, 1, 2019-02-25 11:41:06
YMH9, 26064.0, 1, 2019-02-25 11:41:07
YMH9, 26063.0, 1, 2019-02-25 11:41:07
YMH9, 26063.0, 1, 2019-02-25 11:41:09
YMH9, 26063.0, 1, 2019-02-25 11:41:10
YMH9, 26063.0, 1, 2019-02-25 11:41:11
YMH9, 26063.0, 1, 2019-02-25 11:41:12
YMH9, 26063.0, 1, 2019-02-25 11:41:13
YMH9, 26063.0, 1, 2019-02-25 11:41:14
YMH9, 26063.0, 1, 2019-02-25 11:41:15
YMH9, 26063.0, 1, 2019-02-25 11:41:17
YMH9, 26063.0, 1, 2019-02-25 11:41:19
YMH9, 26063.0, 1, 2019-02-25 11:41:20
YMH9, 26063.0, 1, 2019-02-25 11:41:22
YMH9, 26063.0, 1, 2019-02-25 11:41:24
YMH9, 26063.0, 1, 2019-02-25 11:41:25
YMH9, 26063.0, 1, 2019-02-25 11:41:26
YMH9, 26063.0, 1, 2019-02-25 11:41:29
YMH9, 26063.0, 1, 2019-02-25 11:41:30
YMH9, 26063.0, 1, 2019-02-25 11:41:36
YMH9, 26062.0, 1, 2019-02-25 11:41:37
YMH9, 26063.0, 1, 2019-02-25 11:41:38
YMH9, 26063.0, 1, 2019-02-25 11:41:39
YMH9, 26063.0, 1, 2019-02-25 11:41:40
YMH9, 26063.0, 1, 2019-02-25 11:41:41
YMH9, 26063.0, 1, 2019-02-25 11:41:44
YMH9, 26063.0, 1, 2019-02-25 11:41:46
YMH9, 26063.0, 1, 2019-02-25 11:41:48
YMH9, 26064.0, 1, 2019-02-25 11:41:49
YMH9, 26064.0, 1, 2019-02-25 11:41:50
YMH9, 26064.0, 1, 2019-02-25 11:41:52
YMH9, 26064.0, 1, 2019-02-25 11:41:53
YMH9, 26064.0, 1, 2019-02-25 11:41:54
YMH9, 26064.0, 1, 2019-02-25 11:41:55
YMH9, 26064.0, 1, 2019-02-25 11:41:58
YMH9, 26064.0, 1, 2019-02-25 11:41:59
YMH9, 26064.0, 1, 2019-02-25 11:42:01
YMH9, 26064.0, 1, 2019-02-25 11:42:02
YMH9, 26064.0, 1, 2019-02-25 11:42:04
YMH9, 26064.0, 1, 2019-02-25 11:42:05
YMH9, 26064.0, 1, 2019-02-25 11:42:06
YMH9, 26064.0, 1, 2019-02-25 11:42:09
YMH9, 26064.0, 1, 2019-02-25 11:42:10
YMH9, 26064.0, 1, 2019-02-25 11:42:11
YMH9, 26064.0, 2, 2019-02-25 11:42:12
YMH9, 26065.0, 4, 2019-02-25 11:42:13
YMH9, 26065.0, 4, 2019-02-25 11:42:14
YMH9, 26065.0, 4, 2019-02-25 11:42:15
YMH9, 26065.0, 1, 2019-02-25 11:42:16
YMH9, 26065.0, 1, 2019-02-25 11:42:17
YMH9, 26065.0, 1, 2019-02-25 11:42:18
YMH9, 26065.0, 1, 2019-02-25 11:42:19
YMH9, 26065.0, 1, 2019-02-25 11:42:21
YMH9, 26065.0, 1, 2019-02-25 11:42:22
YMH9, 26065.0, 1, 2019-02-25 11:42:23
YMH9, 26065.0, 1, 2019-02-25 11:42:24
YMH9, 26065.0, 1, 2019-02-25 11:42:25
YMH9, 26067.0, 1, 2019-02-25 11:42:26
YMH9, 26067.0, 1, 2019-02-25 11:42:27
YMH9, 26067.0, 1, 2019-02-25 11:42:28
YMH9, 26067.0, 1, 2019-02-25 11:42:29
YMH9, 26067.0, 1, 2019-02-25 11:42:30
YMH9, 26067.0, 1, 2019-02-25 11:42:33
YMH9, 26067.0, 1, 2019-02-25 11:42:35
YMH9, 26067.0, 1, 2019-02-25 11:42:37
YMH9, 26067.0, 1, 2019-02-25 11:42:38
YMH9, 26067.0, 1, 2019-02-25 11:42:39
YMH9, 26066.0, 1, 2019-02-25 11:42:41
YMH9, 26066.0, 1, 2019-02-25 11:42:42
YMH9, 26066.0, 1, 2019-02-25 11:42:43
YMH9, 26067.0, 1, 2019-02-25 11:42:46
YMH9, 26067.0, 1, 2019-02-25 11:42:47
YMH9, 26067.0, 1, 2019-02-25 11:42:48
YMH9, 26067.0, 1, 2019-02-25 11:42:51
YMH9, 26067.0, 1, 2019-02-25 11:42:52
YMH9, 26067.0, 1, 2019-02-25 11:42:53
YMH9, 26067.0, 1, 2019-02-25 11:42:54
YMH9, 26067.0, 1, 2019-02-25 11:42:55
YMH9, 26067.0, 1, 2019-02-25 11:42:57
YMH9, 26067.0, 1, 2019-02-25 11:42:59
YMH9, 26067.0, 1, 2019-02-25 11:43:01
YMH9, 26067.0, 1, 2019-02-25 11:43:03
YMH9, 26068.0, 2, 2019-02-25 11:43:07
YMH9, 26068.0, 2, 2019-02-25 11:43:09
YMH9, 26068.0, 2, 2019-02-25 11:43:10
YMH9, 26068.0, 2, 2019-02-25 11:43:13
YMH9, 26068.0, 2, 2019-02-25 11:43:14
YMH9, 26068.0, 2, 2019-02-25 11:43:15
YMH9, 26067.0, 1, 2019-02-25 11:43:15
YMH9, 26067.0, 1, 2019-02-25 11:43:17
YMH9, 26067.0, 1, 2019-02-25 11:43:22
YMH9, 26067.0, 1, 2019-02-25 11:43:23
YMH9, 26067.0, 1, 2019-02-25 11:43:24
YMH9, 26067.0, 1, 2019-02-25 11:43:26
YMH9, 26067.0, 1, 2019-02-25 11:43:27
YMH9, 26067.0, 1, 2019-02-25 11:43:28
YMH9, 26067.0, 1, 2019-02-25 11:43:29
YMH9, 26067.0, 1, 2019-02-25 11:43:30
YMH9, 26067.0, 1, 2019-02-25 11:43:32
YMH9, 26067.0, 1, 2019-02-25 11:43:34
YMH9, 26067.0, 3, 2019-02-25 11:43:35
YMH9, 26067.0, 3, 2019-02-25 11:43:37
YMH9, 26066.0, 1, 2019-02-25 11:43:38
YMH9, 26066.0, 1, 2019-02-25 11:43:39
YMH9, 26066.0, 1, 2019-02-25 11:43:40
YMH9, 26066.0, 1, 2019-02-25 11:43:42
YMH9, 26066.0, 2, 2019-02-25 11:43:43
YMH9, 26066.0, 2, 2019-02-25 11:43:44
YMH9, 26066.0, 2, 2019-02-25 11:43:47
YMH9, 26066.0, 2, 2019-02-25 11:43:49
YMH9, 26066.0, 2, 2019-02-25 11:43:52
YMH9, 26066.0, 2, 2019-02-25 11:43:55
YMH9, 26066.0, 2, 2019-02-25 11:43:56
YMH9, 26066.0, 1, 2019-02-25 11:43:58
YMH9, 26066.0, 1, 2019-02-25 11:43:59
YMH9, 26066.0, 1, 2019-02-25 11:44:00
YMH9, 26066.0, 1, 2019-02-25 11:44:01
YMH9, 26066.0, 1, 2019-02-25 11:44:02
YMH9, 26066.0, 1, 2019-02-25 11:44:03
YMH9, 26066.0, 1, 2019-02-25 11:44:05
YMH9, 26066.0, 1, 2019-02-25 11:44:06
YMH9, 26066.0, 1, 2019-02-25 11:44:07
YMH9, 26065.0, 1, 2019-02-25 11:44:08
YMH9, 26065.0, 1, 2019-02-25 11:44:09
YMH9, 26065.0, 1, 2019-02-25 11:44:12
YMH9, 26065.0, 1, 2019-02-25 11:44:14
YMH9, 26065.0, 1, 2019-02-25 11:44:16
YMH9, 26065.0, 1, 2019-02-25 11:44:19
YMH9, 26065.0, 1, 2019-02-25 11:44:20
YMH9, 26065.0, 1, 2019-02-25 11:44:21
YMH9, 26065.0, 1, 2019-02-25 11:44:23
YMH9, 26065.0, 1, 2019-02-25 11:44:24
YMH9, 26065.0, 1, 2019-02-25 11:44:25
YMH9, 26065.0, 1, 2019-02-25 11:44:26
YMH9, 26065.0, 1, 2019-02-25 11:44:27
YMH9, 26065.0, 1, 2019-02-25 11:44:28
YMH9, 26065.0, 1, 2019-02-25 11:44:30
YMH9, 26065.0, 1, 2019-02-25 11:44:31
YMH9, 26065.0, 1, 2019-02-25 11:44:32
YMH9, 26065.0, 1, 2019-02-25 11:44:34
YMH9, 26065.0, 1, 2019-02-25 11:44:38
YMH9, 26065.0, 1, 2019-02-25 11:44:40
YMH9, 26065.0, 1, 2019-02-25 11:44:43
YMH9, 26065.0, 1, 2019-02-25 11:44:44
YMH9, 26065.0, 1, 2019-02-25 11:44:45
YMH9, 26065.0, 1, 2019-02-25 11:44:46
YMH9, 26066.0, 1, 2019-02-25 11:44:47
YMH9, 26066.0, 1, 2019-02-25 11:44:48
YMH9, 26066.0, 1, 2019-02-25 11:44:49
YMH9, 26066.0, 1, 2019-02-25 11:44:50
YMH9, 26066.0, 1, 2019-02-25 11:44:51
YMH9, 26066.0, 2, 2019-02-25 11:44:52
YMH9, 26066.0, 2, 2019-02-25 11:44:54
YMH9, 26066.0, 2, 2019-02-25 11:44:55
YMH9, 26066.0, 2, 2019-02-25 11:44:56
YMH9, 26066.0, 2, 2019-02-25 11:44:59
YMH9, 26066.0, 2, 2019-02-25 11:45:00
YMH9, 26067.0, 1, 2019-02-25 11:45:01
YMH9, 26067.0, 1, 2019-02-25 11:45:02
YMH9, 26067.0, 1, 2019-02-25 11:45:03
YMH9, 26067.0, 1, 2019-02-25 11:45:05
YMH9, 26067.0, 1, 2019-02-25 11:45:06
YMH9, 26067.0, 1, 2019-02-25 11:45:08
YMH9, 26067.0, 1, 2019-02-25 11:45:09
YMH9, 26067.0, 1, 2019-02-25 11:45:10
YMH9, 26067.0, 1, 2019-02-25 11:45:11
YMH9, 26067.0, 1, 2019-02-25 11:45:14
YMH9, 26067.0, 1, 2019-02-25 11:45:18
YMH9, 26067.0, 1, 2019-02-25 11:45:19
YMH9, 26067.0, 1, 2019-02-25 11:45:20
YMH9, 26067.0, 1, 2019-02-25 11:45:21
YMH9, 26067.0, 1, 2019-02-25 11:45:23
YMH9, 26066.0, 1, 2019-02-25 11:45:24
YMH9, 26066.0, 1, 2019-02-25 11:45:25
YMH9, 26066.0, 1, 2019-02-25 11:45:26
YMH9, 26066.0, 1, 2019-02-25 11:45:28
YMH9, 26066.0, 1, 2019-02-25 11:45:32
YMH9, 26066.0, 1, 2019-02-25 11:45:33
YMH9, 26066.0, 1, 2019-02-25 11:45:34
YMH9, 26068.0, 2, 2019-02-25 11:45:35
YMH9, 26068.0, 2, 2019-02-25 11:45:37
YMH9, 26068.0, 2, 2019-02-25 11:45:38
YMH9, 26068.0, 2, 2019-02-25 11:45:39
YMH9, 26068.0, 2, 2019-02-25 11:45:40
YMH9, 26068.0, 2, 2019-02-25 11:45:41
YMH9, 26068.0, 2, 2019-02-25 11:45:44
YMH9, 26068.0, 2, 2019-02-25 11:45:46
YMH9, 26068.0, 2, 2019-02-25 11:45:51
YMH9, 26068.0, 2, 2019-02-25 11:45:53
YMH9, 26068.0, 2, 2019-02-25 11:45:54
YMH9, 26068.0, 2, 2019-02-25 11:45:55
YMH9, 26068.0, 2, 2019-02-25 11:45:56
YMH9, 26068.0, 2, 2019-02-25 11:45:57
YMH9, 26068.0, 2, 2019-02-25 11:46:00
YMH9, 26068.0, 2, 2019-02-25 11:46:02
YMH9, 26069.0, 1, 2019-02-25 11:46:03
YMH9, 26069.0, 1, 2019-02-25 11:46:04
YMH9, 26069.0, 1, 2019-02-25 11:46:05
YMH9, 26069.0, 1, 2019-02-25 11:46:06
YMH9, 26069.0, 1, 2019-02-25 11:46:07
YMH9, 26069.0, 1, 2019-02-25 11:46:08
YMH9, 26068.0, 1, 2019-02-25 11:46:09
YMH9, 26068.0, 1, 2019-02-25 11:46:10
YMH9, 26068.0, 1, 2019-02-25 11:46:11
YMH9, 26068.0, 1, 2019-02-25 11:46:12
YMH9, 26068.0, 1, 2019-02-25 11:46:13
YMH9, 26068.0, 1, 2019-02-25 11:46:15
YMH9, 26068.0, 1, 2019-02-25 11:46:16
YMH9, 26068.0, 1, 2019-02-25 11:46:18
YMH9, 26068.0, 1, 2019-02-25 11:46:19
YMH9, 26068.0, 1, 2019-02-25 11:46:20
YMH9, 26068.0, 1, 2019-02-25 11:46:21
YMH9, 26068.0, 1, 2019-02-25 11:46:22
YMH9, 26069.0, 1, 2019-02-25 11:46:23
YMH9, 26069.0, 1, 2019-02-25 11:46:24
YMH9, 26069.0, 1, 2019-02-25 11:46:27
YMH9, 26069.0, 1, 2019-02-25 11:46:28
YMH9, 26069.0, 1, 2019-02-25 11:46:29
YMH9, 26069.0, 1, 2019-02-25 11:46:30
YMH9, 26069.0, 1, 2019-02-25 11:46:33
YMH9, 26069.0, 1, 2019-02-25 11:46:35
YMH9, 26069.0, 1, 2019-02-25 11:46:37
YMH9, 26069.0, 1, 2019-02-25 11:46:39
YMH9, 26069.0, 1, 2019-02-25 11:46:42
YMH9, 26069.0, 1, 2019-02-25 11:46:43
YMH9, 26069.0, 1, 2019-02-25 11:46:44
YMH9, 26069.0, 1, 2019-02-25 11:46:45
YMH9, 26069.0, 1, 2019-02-25 11:46:46
YMH9, 26069.0, 1, 2019-02-25 11:46:48
YMH9, 26069.0, 1, 2019-02-25 11:46:50
YMH9, 26069.0, 1, 2019-02-25 11:46:52
YMH9, 26069.0, 1, 2019-02-25 11:46:53
YMH9, 26069.0, 1, 2019-02-25 11:46:57
YMH9, 26069.0, 1, 2019-02-25 11:46:58
YMH9, 26069.0, 1, 2019-02-25 11:46:59
YMH9, 26069.0, 1, 2019-02-25 11:47:00
YMH9, 26069.0, 2, 2019-02-25 11:47:01
YMH9, 26069.0, 2, 2019-02-25 11:47:03
YMH9, 26069.0, 1, 2019-02-25 11:47:06
YMH9, 26069.0, 2, 2019-02-25 11:47:10
YMH9, 26069.0, 2, 2019-02-25 11:47:12
YMH9, 26069.0, 2, 2019-02-25 11:47:18
YMH9, 26069.0, 2, 2019-02-25 11:47:20
YMH9, 26069.0, 2, 2019-02-25 11:47:21
YMH9, 26068.0, 1, 2019-02-25 11:47:22
YMH9, 26068.0, 1, 2019-02-25 11:47:23
YMH9, 26068.0, 1, 2019-02-25 11:47:24
YMH9, 26068.0, 1, 2019-02-25 11:47:25
YMH9, 26068.0, 1, 2019-02-25 11:47:27
YMH9, 26068.0, 1, 2019-02-25 11:47:28
YMH9, 26068.0, 1, 2019-02-25 11:47:29
YMH9, 26069.0, 1, 2019-02-25 11:47:30
YMH9, 26069.0, 1, 2019-02-25 11:47:32
YMH9, 26069.0, 1, 2019-02-25 11:47:33
YMH9, 26069.0, 1, 2019-02-25 11:47:35
YMH9, 26069.0, 1, 2019-02-25 11:47:36
YMH9, 26069.0, 1, 2019-02-25 11:47:39
YMH9, 26069.0, 2, 2019-02-25 11:47:39
YMH9, 26069.0, 2, 2019-02-25 11:47:40
YMH9, 26069.0, 2, 2019-02-25 11:47:43
YMH9, 26069.0, 2, 2019-02-25 11:47:45
YMH9, 26069.0, 2, 2019-02-25 11:47:46
YMH9, 26069.0, 2, 2019-02-25 11:47:49
YMH9, 26069.0, 2, 2019-02-25 11:47:52
YMH9, 26069.0, 2, 2019-02-25 11:47:53
YMH9, 26069.0, 1, 2019-02-25 11:47:54
YMH9, 26069.0, 1, 2019-02-25 11:47:57
YMH9, 26069.0, 1, 2019-02-25 11:47:58
YMH9, 26069.0, 1, 2019-02-25 11:48:01
YMH9, 26069.0, 1, 2019-02-25 11:48:02
YMH9, 26069.0, 1, 2019-02-25 11:48:04
YMH9, 26069.0, 1, 2019-02-25 11:48:06
YMH9, 26069.0, 1, 2019-02-25 11:48:10
YMH9, 26069.0, 1, 2019-02-25 11:48:13
YMH9, 26069.0, 1, 2019-02-25 11:48:14
YMH9, 26069.0, 1, 2019-02-25 11:48:15
YMH9, 26071.0, 1, 2019-02-25 11:48:18
YMH9, 26071.0, 1, 2019-02-25 11:48:19
YMH9, 26070.0, 2, 2019-02-25 11:48:20
YMH9, 26071.0, 1, 2019-02-25 11:48:21
YMH9, 26071.0, 1, 2019-02-25 11:48:22
YMH9, 26070.0, 2, 2019-02-25 11:48:23
YMH9, 26070.0, 2, 2019-02-25 11:48:24
YMH9, 26070.0, 2, 2019-02-25 11:48:27
YMH9, 26070.0, 2, 2019-02-25 11:48:30
YMH9, 26070.0, 2, 2019-02-25 11:48:31
YMH9, 26070.0, 2, 2019-02-25 11:48:32
YMH9, 26070.0, 2, 2019-02-25 11:48:33
YMH9, 26070.0, 2, 2019-02-25 11:48:34
YMH9, 26070.0, 2, 2019-02-25 11:48:35
YMH9, 26070.0, 2, 2019-02-25 11:48:36
YMH9, 26070.0, 2, 2019-02-25 11:48:37
YMH9, 26070.0, 2, 2019-02-25 11:48:40
YMH9, 26072.0, 1, 2019-02-25 11:48:42
YMH9, 26071.0, 1, 2019-02-25 11:48:42
YMH9, 26071.0, 1, 2019-02-25 11:48:44
YMH9, 26072.0, 1, 2019-02-25 11:48:45
YMH9, 26072.0, 1, 2019-02-25 11:48:47
YMH9, 26072.0, 1, 2019-02-25 11:48:48
YMH9, 26072.0, 1, 2019-02-25 11:48:49
YMH9, 26071.0, 1, 2019-02-25 11:48:49
YMH9, 26071.0, 1, 2019-02-25 11:48:51
YMH9, 26071.0, 1, 2019-02-25 11:48:52
YMH9, 26071.0, 1, 2019-02-25 11:48:53
YMH9, 26071.0, 2, 2019-02-25 11:48:54
YMH9, 26071.0, 2, 2019-02-25 11:48:56
YMH9, 26071.0, 2, 2019-02-25 11:48:57
YMH9, 26071.0, 1, 2019-02-25 11:49:00
YMH9, 26071.0, 1, 2019-02-25 11:49:01
YMH9, 26071.0, 1, 2019-02-25 11:49:03
YMH9, 26071.0, 1, 2019-02-25 11:49:04
YMH9, 26071.0, 1, 2019-02-25 11:49:05
YMH9, 26071.0, 1, 2019-02-25 11:49:06
YMH9, 26071.0, 1, 2019-02-25 11:49:07
YMH9, 26070.0, 1, 2019-02-25 11:49:08
YMH9, 26070.0, 1, 2019-02-25 11:49:09
YMH9, 26070.0, 1, 2019-02-25 11:49:10
YMH9, 26070.0, 1, 2019-02-25 11:49:12
YMH9, 26070.0, 1, 2019-02-25 11:49:14
YMH9, 26070.0, 1, 2019-02-25 11:49:15
YMH9, 26070.0, 1, 2019-02-25 11:49:17
YMH9, 26070.0, 1, 2019-02-25 11:49:18
YMH9, 26072.0, 3, 2019-02-25 11:49:19
YMH9, 26072.0, 3, 2019-02-25 11:49:20
YMH9, 26072.0, 3, 2019-02-25 11:49:21
YMH9, 26072.0, 3, 2019-02-25 11:49:22
YMH9, 26072.0, 3, 2019-02-25 11:49:23
YMH9, 26072.0, 1, 2019-02-25 11:49:24
YMH9, 26072.0, 1, 2019-02-25 11:49:25
YMH9, 26072.0, 1, 2019-02-25 11:49:26
YMH9, 26072.0, 1, 2019-02-25 11:49:28
YMH9, 26072.0, 1, 2019-02-25 11:49:29
YMH9, 26072.0, 1, 2019-02-25 11:49:30
YMH9, 26072.0, 1, 2019-02-25 11:49:31
YMH9, 26072.0, 1, 2019-02-25 11:49:33
YMH9, 26072.0, 1, 2019-02-25 11:49:34
YMH9, 26072.0, 1, 2019-02-25 11:49:35
YMH9, 26072.0, 1, 2019-02-25 11:49:37
YMH9, 26072.0, 1, 2019-02-25 11:49:40
YMH9, 26071.0, 2, 2019-02-25 11:49:42
YMH9, 26071.0, 2, 2019-02-25 11:49:43
YMH9, 26071.0, 2, 2019-02-25 11:49:44
YMH9, 26071.0, 2, 2019-02-25 11:49:45
YMH9, 26071.0, 2, 2019-02-25 11:49:47
YMH9, 26071.0, 2, 2019-02-25 11:49:48
YMH9, 26071.0, 2, 2019-02-25 11:49:49
YMH9, 26072.0, 1, 2019-02-25 11:49:50
YMH9, 26072.0, 1, 2019-02-25 11:49:51
YMH9, 26072.0, 1, 2019-02-25 11:49:52
YMH9, 26073.0, 1, 2019-02-25 11:49:56
YMH9, 26073.0, 1, 2019-02-25 11:49:57
YMH9, 26073.0, 1, 2019-02-25 11:49:58
YMH9, 26072.0, 1, 2019-02-25 11:49:58
YMH9, 26072.0, 1, 2019-02-25 11:50:00
YMH9, 26075.0, 1, 2019-02-25 11:50:01
YMH9, 26075.0, 1, 2019-02-25 11:50:02
YMH9, 26074.0, 1, 2019-02-25 11:50:03
YMH9, 26074.0, 1, 2019-02-25 11:50:04
YMH9, 26075.0, 1, 2019-02-25 11:50:05
YMH9, 26075.0, 1, 2019-02-25 11:50:06
YMH9, 26075.0, 1, 2019-02-25 11:50:08
YMH9, 26075.0, 1, 2019-02-25 11:50:09
YMH9, 26075.0, 1, 2019-02-25 11:50:10
YMH9, 26075.0, 1, 2019-02-25 11:50:11
YMH9, 26075.0, 1, 2019-02-25 11:50:12
YMH9, 26074.0, 4, 2019-02-25 11:50:13
YMH9, 26073.0, 2, 2019-02-25 11:50:14
YMH9, 26073.0, 2, 2019-02-25 11:50:15
YMH9, 26073.0, 2, 2019-02-25 11:50:16
YMH9, 26073.0, 2, 2019-02-25 11:50:17
YMH9, 26073.0, 2, 2019-02-25 11:50:18
YMH9, 26073.0, 2, 2019-02-25 11:50:19
YMH9, 26073.0, 2, 2019-02-25 11:50:20
YMH9, 26073.0, 2, 2019-02-25 11:50:22
YMH9, 26073.0, 2, 2019-02-25 11:50:23
YMH9, 26073.0, 1, 2019-02-25 11:50:23
YMH9, 26073.0, 1, 2019-02-25 11:50:25
YMH9, 26073.0, 1, 2019-02-25 11:50:26
YMH9, 26073.0, 1, 2019-02-25 11:50:27
YMH9, 26073.0, 1, 2019-02-25 11:50:28
YMH9, 26073.0, 2, 2019-02-25 11:50:29
YMH9, 26073.0, 2, 2019-02-25 11:50:30
YMH9, 26073.0, 2, 2019-02-25 11:50:31
YMH9, 26073.0, 2, 2019-02-25 11:50:32
YMH9, 26073.0, 2, 2019-02-25 11:50:33
YMH9, 26073.0, 2, 2019-02-25 11:50:34
YMH9, 26073.0, 2, 2019-02-25 11:50:35
YMH9, 26073.0, 2, 2019-02-25 11:50:37
YMH9, 26073.0, 2, 2019-02-25 11:50:39
YMH9, 26073.0, 1, 2019-02-25 11:50:40
YMH9, 26073.0, 1, 2019-02-25 11:50:42
YMH9, 26073.0, 1, 2019-02-25 11:50:44
YMH9, 26073.0, 1, 2019-02-25 11:50:45
YMH9, 26073.0, 1, 2019-02-25 11:50:46
YMH9, 26073.0, 1, 2019-02-25 11:50:48
YMH9, 26073.0, 1, 2019-02-25 11:50:49
YMH9, 26073.0, 1, 2019-02-25 11:50:50
YMH9, 26073.0, 1, 2019-02-25 11:50:52
YMH9, 26073.0, 1, 2019-02-25 11:50:54
YMH9, 26073.0, 1, 2019-02-25 11:50:56
YMH9, 26073.0, 1, 2019-02-25 11:50:59
YMH9, 26073.0, 1, 2019-02-25 11:51:01
YMH9, 26073.0, 1, 2019-02-25 11:51:02
YMH9, 26073.0, 1, 2019-02-25 11:51:04
YMH9, 26073.0, 1, 2019-02-25 11:51:05
YMH9, 26072.0, 1, 2019-02-25 11:51:05
YMH9, 26072.0, 1, 2019-02-25 11:51:07
YMH9, 26072.0, 1, 2019-02-25 11:51:08
YMH9, 26072.0, 1, 2019-02-25 11:51:09
YMH9, 26072.0, 1, 2019-02-25 11:51:12
YMH9, 26072.0, 1, 2019-02-25 11:51:13
YMH9, 26072.0, 1, 2019-02-25 11:51:14
YMH9, 26072.0, 1, 2019-02-25 11:51:15
YMH9, 26072.0, 1, 2019-02-25 11:51:16
YMH9, 26072.0, 1, 2019-02-25 11:51:17
YMH9, 26072.0, 1, 2019-02-25 11:51:18
YMH9, 26072.0, 1, 2019-02-25 11:51:19
YMH9, 26072.0, 1, 2019-02-25 11:51:20
YMH9, 26070.0, 1, 2019-02-25 11:51:21
YMH9, 26070.0, 1, 2019-02-25 11:51:22
YMH9, 26070.0, 1, 2019-02-25 11:51:23
YMH9, 26070.0, 1, 2019-02-25 11:51:24
YMH9, 26070.0, 1, 2019-02-25 11:51:25
YMH9, 26071.0, 2, 2019-02-25 11:51:26
YMH9, 26071.0, 2, 2019-02-25 11:51:27
YMH9, 26070.0, 1, 2019-02-25 11:51:28
YMH9, 26070.0, 1, 2019-02-25 11:51:30
YMH9, 26070.0, 1, 2019-02-25 11:51:31
YMH9, 26070.0, 1, 2019-02-25 11:51:32
YMH9, 26070.0, 1, 2019-02-25 11:51:33
YMH9, 26070.0, 1, 2019-02-25 11:51:34
YMH9, 26070.0, 3, 2019-02-25 11:51:35
YMH9, 26071.0, 1, 2019-02-25 11:51:36
YMH9, 26071.0, 1, 2019-02-25 11:51:37
YMH9, 26071.0, 1, 2019-02-25 11:51:38
YMH9, 26071.0, 1, 2019-02-25 11:51:39
YMH9, 26071.0, 1, 2019-02-25 11:51:41
YMH9, 26071.0, 1, 2019-02-25 11:51:42
YMH9, 26071.0, 1, 2019-02-25 11:51:43
YMH9, 26075.0, 1, 2019-02-25 11:51:45
YMH9, 26075.0, 1, 2019-02-25 11:51:47
YMH9, 26075.0, 1, 2019-02-25 11:51:49
YMH9, 26075.0, 1, 2019-02-25 11:51:51
YMH9, 26075.0, 1, 2019-02-25 11:51:53
YMH9, 26075.0, 1, 2019-02-25 11:51:54
YMH9, 26075.0, 1, 2019-02-25 11:51:56
YMH9, 26076.0, 1, 2019-02-25 11:51:57
YMH9, 26076.0, 1, 2019-02-25 11:51:58
YMH9, 26076.0, 1, 2019-02-25 11:52:00
YMH9, 26076.0, 1, 2019-02-25 11:52:01
YMH9, 26076.0, 1, 2019-02-25 11:52:04
YMH9, 26076.0, 1, 2019-02-25 11:52:06
YMH9, 26076.0, 1, 2019-02-25 11:52:09
YMH9, 26076.0, 1, 2019-02-25 11:52:10
YMH9, 26076.0, 1, 2019-02-25 11:52:11
YMH9, 26076.0, 1, 2019-02-25 11:52:12
YMH9, 26076.0, 1, 2019-02-25 11:52:14
YMH9, 26076.0, 1, 2019-02-25 11:52:15
YMH9, 26076.0, 1, 2019-02-25 11:52:16
YMH9, 26076.0, 1, 2019-02-25 11:52:17
YMH9, 26076.0, 1, 2019-02-25 11:52:18
YMH9, 26076.0, 1, 2019-02-25 11:52:19
YMH9, 26076.0, 1, 2019-02-25 11:52:20
YMH9, 26076.0, 1, 2019-02-25 11:52:21
YMH9, 26076.0, 1, 2019-02-25 11:52:22
YMH9, 26076.0, 1, 2019-02-25 11:52:23
YMH9, 26076.0, 1, 2019-02-25 11:52:24
YMH9, 26076.0, 1, 2019-02-25 11:52:25
YMH9, 26076.0, 1, 2019-02-25 11:52:26
YMH9, 26076.0, 1, 2019-02-25 11:52:27
YMH9, 26076.0, 1, 2019-02-25 11:52:28
YMH9, 26075.0, 1, 2019-02-25 11:52:29
YMH9, 26075.0, 1, 2019-02-25 11:52:30
YMH9, 26075.0, 1, 2019-02-25 11:52:31
YMH9, 26075.0, 1, 2019-02-25 11:52:32
YMH9, 26075.0, 1, 2019-02-25 11:52:33
YMH9, 26075.0, 1, 2019-02-25 11:52:34
YMH9, 26075.0, 1, 2019-02-25 11:52:35
YMH9, 26073.0, 1, 2019-02-25 11:52:37
YMH9, 26073.0, 1, 2019-02-25 11:52:38
YMH9, 26073.0, 3, 2019-02-25 11:52:39
YMH9, 26073.0, 3, 2019-02-25 11:52:40
YMH9, 26073.0, 3, 2019-02-25 11:52:41
YMH9, 26073.0, 1, 2019-02-25 11:52:42
YMH9, 26073.0, 1, 2019-02-25 11:52:45
YMH9, 26073.0, 1, 2019-02-25 11:52:46
YMH9, 26073.0, 1, 2019-02-25 11:52:48
YMH9, 26073.0, 1, 2019-02-25 11:52:50
YMH9, 26073.0, 1, 2019-02-25 11:52:51
YMH9, 26073.0, 1, 2019-02-25 11:52:53
YMH9, 26073.0, 2, 2019-02-25 11:52:54
YMH9, 26073.0, 2, 2019-02-25 11:52:55
YMH9, 26073.0, 2, 2019-02-25 11:52:57
YMH9, 26073.0, 2, 2019-02-25 11:52:58
YMH9, 26073.0, 2, 2019-02-25 11:52:59
YMH9, 26073.0, 2, 2019-02-25 11:53:00
YMH9, 26073.0, 2, 2019-02-25 11:53:03
YMH9, 26073.0, 2, 2019-02-25 11:53:05
YMH9, 26073.0, 2, 2019-02-25 11:53:07
YMH9, 26073.0, 2, 2019-02-25 11:53:09
YMH9, 26072.0, 1, 2019-02-25 11:53:10
YMH9, 26072.0, 1, 2019-02-25 11:53:11
YMH9, 26072.0, 1, 2019-02-25 11:53:14
YMH9, 26072.0, 1, 2019-02-25 11:53:15
YMH9, 26072.0, 1, 2019-02-25 11:53:16
YMH9, 26072.0, 1, 2019-02-25 11:53:17
YMH9, 26072.0, 1, 2019-02-25 11:53:21
YMH9, 26072.0, 1, 2019-02-25 11:53:22
YMH9, 26072.0, 1, 2019-02-25 11:53:24
YMH9, 26070.0, 1, 2019-02-25 11:53:25
YMH9, 26070.0, 1, 2019-02-25 11:53:26
YMH9, 26071.0, 1, 2019-02-25 11:53:27
YMH9, 26071.0, 1, 2019-02-25 11:53:29
YMH9, 26071.0, 1, 2019-02-25 11:53:30
YMH9, 26071.0, 1, 2019-02-25 11:53:33
YMH9, 26071.0, 3, 2019-02-25 11:53:34
YMH9, 26071.0, 3, 2019-02-25 11:53:35
YMH9, 26071.0, 3, 2019-02-25 11:53:36
YMH9, 26071.0, 1, 2019-02-25 11:53:38
YMH9, 26071.0, 1, 2019-02-25 11:53:39
YMH9, 26071.0, 1, 2019-02-25 11:53:40
YMH9, 26071.0, 1, 2019-02-25 11:53:43
YMH9, 26071.0, 1, 2019-02-25 11:53:44
YMH9, 26071.0, 1, 2019-02-25 11:53:45
YMH9, 26071.0, 1, 2019-02-25 11:53:48
YMH9, 26071.0, 1, 2019-02-25 11:53:50
YMH9, 26071.0, 1, 2019-02-25 11:53:52
YMH9, 26071.0, 1, 2019-02-25 11:53:53
YMH9, 26071.0, 1, 2019-02-25 11:53:55
YMH9, 26071.0, 1, 2019-02-25 11:53:57
YMH9, 26073.0, 1, 2019-02-25 11:53:59
YMH9, 26073.0, 1, 2019-02-25 11:54:00
YMH9, 26073.0, 1, 2019-02-25 11:54:01
YMH9, 26073.0, 1, 2019-02-25 11:54:02
YMH9, 26073.0, 1, 2019-02-25 11:54:03
YMH9, 26073.0, 1, 2019-02-25 11:54:04
YMH9, 26073.0, 1, 2019-02-25 11:54:06
YMH9, 26073.0, 1, 2019-02-25 11:54:07
YMH9, 26073.0, 1, 2019-02-25 11:54:08
YMH9, 26073.0, 1, 2019-02-25 11:54:10
YMH9, 26073.0, 1, 2019-02-25 11:54:11
YMH9, 26073.0, 1, 2019-02-25 11:54:14
YMH9, 26073.0, 1, 2019-02-25 11:54:15
YMH9, 26073.0, 1, 2019-02-25 11:54:16
YMH9, 26072.0, 1, 2019-02-25 11:54:17
YMH9, 26072.0, 1, 2019-02-25 11:54:18
YMH9, 26072.0, 1, 2019-02-25 11:54:19
YMH9, 26072.0, 1, 2019-02-25 11:54:21
YMH9, 26072.0, 1, 2019-02-25 11:54:22
YMH9, 26072.0, 1, 2019-02-25 11:54:23
YMH9, 26072.0, 1, 2019-02-25 11:54:24
YMH9, 26072.0, 1, 2019-02-25 11:54:25
YMH9, 26072.0, 1, 2019-02-25 11:54:26
YMH9, 26072.0, 1, 2019-02-25 11:54:27
YMH9, 26072.0, 1, 2019-02-25 11:54:29
YMH9, 26072.0, 1, 2019-02-25 11:54:32
YMH9, 26073.0, 1, 2019-02-25 11:54:33
YMH9, 26072.0, 1, 2019-02-25 11:54:35
YMH9, 26072.0, 1, 2019-02-25 11:54:36
YMH9, 26072.0, 1, 2019-02-25 11:54:37
YMH9, 26072.0, 1, 2019-02-25 11:54:40
YMH9, 26072.0, 1, 2019-02-25 11:54:41
YMH9, 26072.0, 1, 2019-02-25 11:54:43
YMH9, 26072.0, 1, 2019-02-25 11:54:44
YMH9, 26071.0, 1, 2019-02-25 11:54:47
YMH9, 26071.0, 1, 2019-02-25 11:54:48
YMH9, 26071.0, 1, 2019-02-25 11:54:49
YMH9, 26072.0, 2, 2019-02-25 11:54:51
YMH9, 26072.0, 2, 2019-02-25 11:54:52
YMH9, 26072.0, 2, 2019-02-25 11:54:53
YMH9, 26072.0, 2, 2019-02-25 11:54:54
YMH9, 26072.0, 2, 2019-02-25 11:54:56
YMH9, 26072.0, 2, 2019-02-25 11:54:57
YMH9, 26072.0, 2, 2019-02-25 11:54:58
YMH9, 26072.0, 2, 2019-02-25 11:54:59
YMH9, 26072.0, 2, 2019-02-25 11:55:00
YMH9, 26072.0, 2, 2019-02-25 11:55:01
YMH9, 26072.0, 2, 2019-02-25 11:55:03
YMH9, 26072.0, 1, 2019-02-25 11:55:04
YMH9, 26072.0, 1, 2019-02-25 11:55:05
YMH9, 26072.0, 1, 2019-02-25 11:55:06
YMH9, 26073.0, 2, 2019-02-25 11:55:07
YMH9, 26073.0, 2, 2019-02-25 11:55:08
YMH9, 26072.0, 2, 2019-02-25 11:55:09
YMH9, 26072.0, 2, 2019-02-25 11:55:10
YMH9, 26072.0, 2, 2019-02-25 11:55:11
YMH9, 26072.0, 2, 2019-02-25 11:55:12
YMH9, 26072.0, 2, 2019-02-25 11:55:14
YMH9, 26076.0, 1, 2019-02-25 13:29:18
YMH9, 26076.0, 1, 2019-02-25 13:29:19
YMH9, 26076.0, 1, 2019-02-25 13:29:22
YMH9, 26076.0, 1, 2019-02-25 13:29:24
YMH9, 26076.0, 1, 2019-02-25 13:29:25
YMH9, 26076.0, 1, 2019-02-25 13:29:26
YMH9, 26076.0, 1, 2019-02-25 13:29:29
YMH9, 26076.0, 1, 2019-02-25 13:29:30
YMH9, 26076.0, 1, 2019-02-25 13:29:32
YMH9, 26076.0, 1, 2019-02-25 13:29:33
YMH9, 26076.0, 1, 2019-02-25 13:29:34
YMH9, 26076.0, 1, 2019-02-25 13:29:35
YMH9, 26076.0, 1, 2019-02-25 13:29:38
YMH9, 26076.0, 1, 2019-02-25 13:29:39
YMH9, 26076.0, 1, 2019-02-25 13:29:40
YMH9, 26076.0, 1, 2019-02-25 13:29:41
YMH9, 26076.0, 1, 2019-02-25 13:29:42
YMH9, 26076.0, 1, 2019-02-25 13:29:44
YMH9, 26077.0, 1, 2019-02-25 13:29:44
YMH9, 26077.0, 1, 2019-02-25 13:29:47
YMH9, 26077.0, 1, 2019-02-25 13:29:51
YMH9, 26077.0, 1, 2019-02-25 13:29:53
YMH9, 26077.0, 1, 2019-02-25 13:29:54
YMH9, 26077.0, 1, 2019-02-25 13:29:55
YMH9, 26077.0, 1, 2019-02-25 13:29:56
YMH9, 26077.0, 1, 2019-02-25 13:29:57
YMH9, 26077.0, 1, 2019-02-25 13:29:59
YMH9, 26077.0, 1, 2019-02-25 13:30:00
YMH9, 26077.0, 1, 2019-02-25 13:30:01
YMH9, 26076.0, 1, 2019-02-25 13:30:02
YMH9, 26075.0, 2, 2019-02-25 13:30:03
YMH9, 26075.0, 2, 2019-02-25 13:30:04
YMH9, 26075.0, 2, 2019-02-25 13:30:05
YMH9, 26075.0, 2, 2019-02-25 13:30:06
YMH9, 26074.0, 1, 2019-02-25 13:30:07
YMH9, 26075.0, 1, 2019-02-25 13:30:08
YMH9, 26075.0, 1, 2019-02-25 13:30:09
YMH9, 26075.0, 1, 2019-02-25 13:30:11
YMH9, 26076.0, 1, 2019-02-25 13:30:12
YMH9, 26076.0, 1, 2019-02-25 13:30:13
YMH9, 26076.0, 1, 2019-02-25 13:30:15
YMH9, 26076.0, 1, 2019-02-25 13:30:16
YMH9, 26076.0, 1, 2019-02-25 13:30:18
YMH9, 26076.0, 1, 2019-02-25 13:30:20
YMH9, 26076.0, 1, 2019-02-25 13:30:21
YMH9, 26076.0, 1, 2019-02-25 13:30:22
YMH9, 26076.0, 1, 2019-02-25 13:30:24
YMH9, 26076.0, 1, 2019-02-25 13:30:26
YMH9, 26076.0, 1, 2019-02-25 13:30:28
YMH9, 26076.0, 1, 2019-02-25 13:30:30
YMH9, 26076.0, 1, 2019-02-25 13:30:31
YMH9, 26076.0, 1, 2019-02-25 13:30:32
YMH9, 26076.0, 1, 2019-02-25 13:30:33
YMH9, 26075.0, 1, 2019-02-25 13:30:35
YMH9, 26075.0, 1, 2019-02-25 13:30:36
YMH9, 26075.0, 1, 2019-02-25 13:30:38
YMH9, 26075.0, 1, 2019-02-25 13:30:39
YMH9, 26075.0, 1, 2019-02-25 13:30:40
YMH9, 26075.0, 1, 2019-02-25 13:30:41
YMH9, 26075.0, 1, 2019-02-25 13:30:42
YMH9, 26075.0, 1, 2019-02-25 13:30:43
YMH9, 26075.0, 1, 2019-02-25 13:30:45
YMH9, 26075.0, 1, 2019-02-25 13:30:46
YMH9, 26075.0, 1, 2019-02-25 13:30:47
YMH9, 26075.0, 1, 2019-02-25 13:30:48
YMH9, 26075.0, 1, 2019-02-25 13:30:49
YMH9, 26077.0, 2, 2019-02-25 13:30:50
YMH9, 26077.0, 2, 2019-02-25 13:30:51
YMH9, 26077.0, 2, 2019-02-25 13:30:52
YMH9, 26077.0, 2, 2019-02-25 13:30:53
YMH9, 26077.0, 2, 2019-02-25 13:30:54
YMH9, 26077.0, 2, 2019-02-25 13:30:55
YMH9, 26077.0, 2, 2019-02-25 13:30:56
YMH9, 26077.0, 2, 2019-02-25 13:30:57
YMH9, 26077.0, 2, 2019-02-25 13:30:58
YMH9, 26077.0, 2, 2019-02-25 13:30:59
YMH9, 26077.0, 2, 2019-02-25 13:31:00
YMH9, 26077.0, 2, 2019-02-25 13:31:03
YMH9, 26075.0, 1, 2019-02-25 13:31:04
YMH9, 26075.0, 1, 2019-02-25 13:31:05
YMH9, 26075.0, 1, 2019-02-25 13:31:06
YMH9, 26074.0, 1, 2019-02-25 13:31:07
YMH9, 26072.0, 1, 2019-02-25 13:31:08
YMH9, 26072.0, 1, 2019-02-25 13:31:09
YMH9, 26072.0, 1, 2019-02-25 13:31:10
YMH9, 26072.0, 1, 2019-02-25 13:31:12
YMH9, 26072.0, 1, 2019-02-25 13:31:13
YMH9, 26072.0, 1, 2019-02-25 13:31:15
YMH9, 26072.0, 1, 2019-02-25 13:31:16
YMH9, 26072.0, 1, 2019-02-25 13:31:17
YMH9, 26072.0, 1, 2019-02-25 13:31:18
YMH9, 26072.0, 1, 2019-02-25 13:31:19
YMH9, 26072.0, 1, 2019-02-25 13:31:22
YMH9, 26072.0, 1, 2019-02-25 13:31:23
YMH9, 26072.0, 1, 2019-02-25 13:31:25
YMH9, 26072.0, 1, 2019-02-25 13:31:26
YMH9, 26072.0, 1, 2019-02-25 13:31:27
YMH9, 26071.0, 3, 2019-02-25 13:31:29
YMH9, 26070.0, 2, 2019-02-25 13:31:30
YMH9, 26069.0, 1, 2019-02-25 13:31:31
YMH9, 26067.0, 1, 2019-02-25 13:31:32
YMH9, 26067.0, 1, 2019-02-25 13:31:33
YMH9, 26066.0, 1, 2019-02-25 13:31:33
YMH9, 26066.0, 2, 2019-02-25 13:31:35
YMH9, 26066.0, 2, 2019-02-25 13:31:37
YMH9, 26066.0, 1, 2019-02-25 13:31:38
YMH9, 26066.0, 1, 2019-02-25 13:31:39
YMH9, 26065.0, 1, 2019-02-25 13:31:40
YMH9, 26066.0, 1, 2019-02-25 13:31:41
YMH9, 26066.0, 1, 2019-02-25 13:31:42
YMH9, 26066.0, 1, 2019-02-25 13:31:43
YMH9, 26066.0, 1, 2019-02-25 13:31:44
YMH9, 26066.0, 1, 2019-02-25 13:31:45
YMH9, 26066.0, 1, 2019-02-25 13:31:46
YMH9, 26066.0, 1, 2019-02-25 13:31:47
YMH9, 26065.0, 2, 2019-02-25 13:31:48
YMH9, 26061.0, 2, 2019-02-25 13:31:50
YMH9, 26061.0, 1, 2019-02-25 13:31:51
YMH9, 26060.0, 1, 2019-02-25 13:31:52
YMH9, 26061.0, 1, 2019-02-25 13:31:53
YMH9, 26061.0, 1, 2019-02-25 13:31:54
YMH9, 26061.0, 1, 2019-02-25 13:31:55
YMH9, 26061.0, 1, 2019-02-25 13:31:56
YMH9, 26061.0, 1, 2019-02-25 13:31:57
YMH9, 26062.0, 2, 2019-02-25 13:31:58
YMH9, 26062.0, 2, 2019-02-25 13:31:59
YMH9, 26063.0, 1, 2019-02-25 13:32:00
YMH9, 26063.0, 1, 2019-02-25 13:32:01
YMH9, 26063.0, 1, 2019-02-25 13:32:03
YMH9, 26064.0, 1, 2019-02-25 13:32:04
YMH9, 26063.0, 1, 2019-02-25 13:32:05
YMH9, 26065.0, 1, 2019-02-25 13:32:06
YMH9, 26063.0, 1, 2019-02-25 13:32:07
YMH9, 26064.0, 2, 2019-02-25 13:32:08
YMH9, 26065.0, 1, 2019-02-25 13:32:09
YMH9, 26064.0, 1, 2019-02-25 13:32:09
YMH9, 26064.0, 1, 2019-02-25 13:32:11
YMH9, 26065.0, 1, 2019-02-25 13:32:12
YMH9, 26065.0, 1, 2019-02-25 13:32:13
YMH9, 26065.0, 1, 2019-02-25 13:32:14
YMH9, 26065.0, 1, 2019-02-25 13:32:15
YMH9, 26065.0, 1, 2019-02-25 13:32:16
YMH9, 26065.0, 1, 2019-02-25 13:32:17
YMH9, 26065.0, 1, 2019-02-25 13:32:18
YMH9, 26065.0, 1, 2019-02-25 13:32:19
YMH9, 26063.0, 1, 2019-02-25 13:32:20
YMH9, 26063.0, 2, 2019-02-25 13:32:21
YMH9, 26062.0, 1, 2019-02-25 13:32:22
YMH9, 26062.0, 1, 2019-02-25 13:32:23
YMH9, 26062.0, 1, 2019-02-25 13:32:24
YMH9, 26062.0, 1, 2019-02-25 13:32:25
YMH9, 26062.0, 1, 2019-02-25 13:32:27
YMH9, 26061.0, 1, 2019-02-25 13:32:27
YMH9, 26061.0, 1, 2019-02-25 13:32:28
YMH9, 26061.0, 1, 2019-02-25 13:32:30
YMH9, 26062.0, 1, 2019-02-25 13:32:30
YMH9, 26062.0, 1, 2019-02-25 13:32:31
YMH9, 26062.0, 1, 2019-02-25 13:32:33
YMH9, 26062.0, 1, 2019-02-25 13:32:34
YMH9, 26062.0, 2, 2019-02-25 13:32:35
YMH9, 26062.0, 2, 2019-02-25 13:32:36
YMH9, 26062.0, 2, 2019-02-25 13:32:37
YMH9, 26062.0, 1, 2019-02-25 13:32:38
YMH9, 26063.0, 2, 2019-02-25 13:32:40
YMH9, 26063.0, 2, 2019-02-25 13:32:41
YMH9, 26063.0, 2, 2019-02-25 13:32:42
YMH9, 26063.0, 2, 2019-02-25 13:32:44
YMH9, 26061.0, 2, 2019-02-25 13:32:45
YMH9, 26061.0, 2, 2019-02-25 13:32:47
YMH9, 26061.0, 2, 2019-02-25 13:32:48
YMH9, 26061.0, 2, 2019-02-25 13:32:49
YMH9, 26061.0, 2, 2019-02-25 13:32:51
YMH9, 26061.0, 2, 2019-02-25 13:32:52
YMH9, 26061.0, 2, 2019-02-25 13:32:53
YMH9, 26061.0, 2, 2019-02-25 13:32:55
YMH9, 26061.0, 2, 2019-02-25 13:32:56
YMH9, 26062.0, 1, 2019-02-25 13:32:56
YMH9, 26062.0, 1, 2019-02-25 13:32:58
YMH9, 26062.0, 1, 2019-02-25 13:32:59
YMH9, 26062.0, 1, 2019-02-25 13:33:00
YMH9, 26062.0, 1, 2019-02-25 13:33:03
YMH9, 26062.0, 1, 2019-02-25 13:33:05
YMH9, 26062.0, 1, 2019-02-25 13:33:06
YMH9, 26062.0, 1, 2019-02-25 13:33:07
YMH9, 26062.0, 1, 2019-02-25 13:33:08
YMH9, 26062.0, 1, 2019-02-25 13:33:09
YMH9, 26062.0, 1, 2019-02-25 13:33:10
YMH9, 26062.0, 1, 2019-02-25 13:33:11
YMH9, 26061.0, 1, 2019-02-25 13:33:12
YMH9, 26061.0, 1, 2019-02-25 13:33:13
YMH9, 26061.0, 1, 2019-02-25 13:33:14
YMH9, 26061.0, 2, 2019-02-25 13:33:15
YMH9, 26061.0, 2, 2019-02-25 13:33:16
YMH9, 26061.0, 2, 2019-02-25 13:33:17
YMH9, 26061.0, 1, 2019-02-25 13:33:18
YMH9, 26061.0, 1, 2019-02-25 13:33:19
YMH9, 26060.0, 1, 2019-02-25 13:33:20
YMH9, 26060.0, 1, 2019-02-25 13:33:21
YMH9, 26060.0, 1, 2019-02-25 13:33:22
YMH9, 26061.0, 1, 2019-02-25 13:33:23
YMH9, 26061.0, 1, 2019-02-25 13:33:24
YMH9, 26061.0, 1, 2019-02-25 13:33:25
YMH9, 26061.0, 1, 2019-02-25 13:33:26
YMH9, 26062.0, 1, 2019-02-25 13:33:27
YMH9, 26062.0, 1, 2019-02-25 13:33:28
YMH9, 26062.0, 1, 2019-02-25 13:33:29
YMH9, 26062.0, 1, 2019-02-25 13:33:30
YMH9, 26062.0, 1, 2019-02-25 13:33:31
YMH9, 26062.0, 1, 2019-02-25 13:33:33
YMH9, 26062.0, 1, 2019-02-25 13:33:34
YMH9, 26062.0, 1, 2019-02-25 13:33:36
YMH9, 26061.0, 1, 2019-02-25 13:33:38
YMH9, 26061.0, 1, 2019-02-25 13:33:39
YMH9, 26061.0, 1, 2019-02-25 13:33:40
YMH9, 26060.0, 1, 2019-02-25 13:33:41
YMH9, 26060.0, 1, 2019-02-25 13:33:43
YMH9, 26061.0, 1, 2019-02-25 13:33:44
YMH9, 26061.0, 1, 2019-02-25 13:33:45
YMH9, 26061.0, 1, 2019-02-25 13:33:46
YMH9, 26061.0, 1, 2019-02-25 13:33:48
YMH9, 26061.0, 1, 2019-02-25 13:33:49
YMH9, 26061.0, 1, 2019-02-25 13:33:50
YMH9, 26061.0, 1, 2019-02-25 13:33:52
YMH9, 26061.0, 1, 2019-02-25 13:33:53
YMH9, 26061.0, 1, 2019-02-25 13:33:54
YMH9, 26061.0, 1, 2019-02-25 13:33:55
YMH9, 26061.0, 1, 2019-02-25 13:33:56
YMH9, 26061.0, 1, 2019-02-25 13:33:57
YMH9, 26061.0, 1, 2019-02-25 13:33:58
YMH9, 26061.0, 1, 2019-02-25 13:33:59
YMH9, 26061.0, 1, 2019-02-25 13:34:00
YMH9, 26061.0, 1, 2019-02-25 13:34:02
YMH9, 26060.0, 2, 2019-02-25 13:34:03
YMH9, 26060.0, 2, 2019-02-25 13:34:04
YMH9, 26060.0, 1, 2019-02-25 13:34:05
YMH9, 26060.0, 1, 2019-02-25 13:34:06
YMH9, 26060.0, 1, 2019-02-25 13:34:08
YMH9, 26058.0, 2, 2019-02-25 13:34:09
YMH9, 26057.0, 1, 2019-02-25 13:34:10
YMH9, 26057.0, 1, 2019-02-25 13:34:11
YMH9, 26057.0, 1, 2019-02-25 13:34:12
YMH9, 26058.0, 1, 2019-02-25 13:34:13
YMH9, 26057.0, 3, 2019-02-25 13:34:14
YMH9, 26057.0, 2, 2019-02-25 13:34:15
YMH9, 26058.0, 1, 2019-02-25 13:34:16
YMH9, 26058.0, 1, 2019-02-25 13:34:17
YMH9, 26059.0, 1, 2019-02-25 13:34:18
YMH9, 26059.0, 3, 2019-02-25 13:34:19
YMH9, 26060.0, 1, 2019-02-25 13:34:19
YMH9, 26060.0, 1, 2019-02-25 13:34:21
YMH9, 26060.0, 1, 2019-02-25 13:34:22
YMH9, 26060.0, 1, 2019-02-25 13:34:23
YMH9, 26061.0, 1, 2019-02-25 13:34:24
YMH9, 26061.0, 1, 2019-02-25 13:34:25
YMH9, 26061.0, 1, 2019-02-25 13:34:26
YMH9, 26062.0, 1, 2019-02-25 13:34:27
YMH9, 26062.0, 1, 2019-02-25 13:34:28
YMH9, 26062.0, 2, 2019-02-25 13:34:29
YMH9, 26062.0, 2, 2019-02-25 13:34:30
YMH9, 26062.0, 2, 2019-02-25 13:34:31
YMH9, 26064.0, 1, 2019-02-25 13:34:32
YMH9, 26064.0, 1, 2019-02-25 13:34:33
YMH9, 26064.0, 1, 2019-02-25 13:34:34
YMH9, 26064.0, 1, 2019-02-25 13:34:35
YMH9, 26064.0, 1, 2019-02-25 13:34:36
YMH9, 26064.0, 1, 2019-02-25 13:34:37
YMH9, 26064.0, 1, 2019-02-25 13:34:38
YMH9, 26064.0, 1, 2019-02-25 13:34:40
YMH9, 26064.0, 1, 2019-02-25 13:34:41
YMH9, 26064.0, 1, 2019-02-25 13:34:42
YMH9, 26064.0, 1, 2019-02-25 13:34:44
YMH9, 26063.0, 1, 2019-02-25 13:34:45
YMH9, 26063.0, 1, 2019-02-25 13:34:47
YMH9, 26063.0, 1, 2019-02-25 13:34:48
YMH9, 26063.0, 1, 2019-02-25 13:34:50
YMH9, 26063.0, 1, 2019-02-25 13:34:52
YMH9, 26063.0, 1, 2019-02-25 13:34:53
YMH9, 26063.0, 1, 2019-02-25 13:34:55
YMH9, 26063.0, 1, 2019-02-25 13:34:56
YMH9, 26063.0, 1, 2019-02-25 13:34:58
YMH9, 26063.0, 1, 2019-02-25 13:34:59
YMH9, 26063.0, 1, 2019-02-25 13:35:00
YMH9, 26062.0, 1, 2019-02-25 13:35:01
YMH9, 26062.0, 1, 2019-02-25 13:35:02
YMH9, 26062.0, 1, 2019-02-25 13:35:04
YMH9, 26062.0, 1, 2019-02-25 13:35:05
YMH9, 26062.0, 1, 2019-02-25 13:35:06
YMH9, 26062.0, 1, 2019-02-25 13:35:08
YMH9, 26062.0, 1, 2019-02-25 13:35:09
YMH9, 26062.0, 1, 2019-02-25 13:35:10
YMH9, 26062.0, 1, 2019-02-25 13:35:11
YMH9, 26062.0, 1, 2019-02-25 13:35:12
YMH9, 26062.0, 1, 2019-02-25 13:35:13
YMH9, 26062.0, 1, 2019-02-25 13:35:14
YMH9, 26062.0, 1, 2019-02-25 13:35:15
YMH9, 26063.0, 1, 2019-02-25 13:35:16
YMH9, 26063.0, 1, 2019-02-25 13:35:17
YMH9, 26063.0, 1, 2019-02-25 13:35:18
YMH9, 26063.0, 1, 2019-02-25 13:35:19
YMH9, 26063.0, 1, 2019-02-25 13:35:20
YMH9, 26064.0, 1, 2019-02-25 13:35:21
YMH9, 26064.0, 1, 2019-02-25 13:35:22
YMH9, 26063.0, 2, 2019-02-25 13:35:23
YMH9, 26063.0, 5, 2019-02-25 13:35:24
YMH9, 26063.0, 5, 2019-02-25 13:35:25
YMH9, 26063.0, 5, 2019-02-25 13:35:26
YMH9, 26063.0, 5, 2019-02-25 13:35:27
YMH9, 26064.0, 2, 2019-02-25 13:35:28
YMH9, 26063.0, 2, 2019-02-25 13:35:29
YMH9, 26063.0, 2, 2019-02-25 13:35:30
YMH9, 26063.0, 2, 2019-02-25 13:35:31
YMH9, 26063.0, 2, 2019-02-25 13:35:32
YMH9, 26063.0, 2, 2019-02-25 13:35:33
YMH9, 26063.0, 2, 2019-02-25 13:35:34
YMH9, 26063.0, 2, 2019-02-25 13:35:35
YMH9, 26063.0, 2, 2019-02-25 13:35:36
YMH9, 26063.0, 2, 2019-02-25 13:35:37
YMH9, 26062.0, 1, 2019-02-25 13:35:39
YMH9, 26062.0, 1, 2019-02-25 13:35:40
YMH9, 26061.0, 2, 2019-02-25 13:35:41
YMH9, 26061.0, 2, 2019-02-25 13:35:44
YMH9, 26061.0, 2, 2019-02-25 13:35:46
YMH9, 26061.0, 2, 2019-02-25 13:35:52
YMH9, 26061.0, 2, 2019-02-25 13:35:53
YMH9, 26061.0, 2, 2019-02-25 13:35:54
YMH9, 26061.0, 2, 2019-02-25 13:35:55
YMH9, 26061.0, 2, 2019-02-25 13:35:56
YMH9, 26061.0, 2, 2019-02-25 13:35:57
YMH9, 26063.0, 1, 2019-02-25 13:35:58
YMH9, 26063.0, 1, 2019-02-25 13:35:59
YMH9, 26063.0, 1, 2019-02-25 13:36:00
YMH9, 26063.0, 1, 2019-02-25 13:36:01
YMH9, 26063.0, 1, 2019-02-25 13:36:02
YMH9, 26062.0, 2, 2019-02-25 13:36:02
YMH9, 26062.0, 1, 2019-02-25 13:36:03
YMH9, 26062.0, 1, 2019-02-25 13:36:05
YMH9, 26063.0, 1, 2019-02-25 13:36:06
YMH9, 26064.0, 1, 2019-02-25 13:36:07
YMH9, 26064.0, 1, 2019-02-25 13:36:08
YMH9, 26065.0, 1, 2019-02-25 13:36:09
YMH9, 26065.0, 1, 2019-02-25 13:36:11
YMH9, 26065.0, 1, 2019-02-25 13:36:12
YMH9, 26065.0, 1, 2019-02-25 13:36:14
YMH9, 26065.0, 1, 2019-02-25 13:36:15
YMH9, 26066.0, 2, 2019-02-25 13:36:16
YMH9, 26066.0, 2, 2019-02-25 13:36:17
YMH9, 26066.0, 2, 2019-02-25 13:36:18
YMH9, 26065.0, 1, 2019-02-25 13:36:20
YMH9, 26066.0, 1, 2019-02-25 13:36:21
YMH9, 26066.0, 1, 2019-02-25 13:36:22
YMH9, 26064.0, 1, 2019-02-25 13:36:23
YMH9, 26064.0, 1, 2019-02-25 13:36:24
YMH9, 26064.0, 1, 2019-02-25 13:36:27
YMH9, 26064.0, 1, 2019-02-25 13:36:28
YMH9, 26064.0, 1, 2019-02-25 13:36:29
YMH9, 26064.0, 1, 2019-02-25 13:36:30
YMH9, 26064.0, 1, 2019-02-25 13:36:31
YMH9, 26064.0, 1, 2019-02-25 13:36:33
YMH9, 26064.0, 1, 2019-02-25 13:36:35
YMH9, 26064.0, 1, 2019-02-25 13:36:36
YMH9, 26064.0, 1, 2019-02-25 13:36:37
YMH9, 26064.0, 1, 2019-02-25 13:36:38
YMH9, 26064.0, 1, 2019-02-25 13:36:39
YMH9, 26064.0, 1, 2019-02-25 13:36:40
YMH9, 26064.0, 1, 2019-02-25 13:36:41
YMH9, 26064.0, 1, 2019-02-25 13:36:43
YMH9, 26064.0, 1, 2019-02-25 13:36:44
YMH9, 26064.0, 1, 2019-02-25 13:36:46
YMH9, 26064.0, 1, 2019-02-25 13:36:47
YMH9, 26064.0, 1, 2019-02-25 13:36:49
YMH9, 26064.0, 1, 2019-02-25 13:36:51
YMH9, 26064.0, 1, 2019-02-25 13:36:53
YMH9, 26064.0, 1, 2019-02-25 13:36:54
YMH9, 26065.0, 1, 2019-02-25 13:36:55
YMH9, 26065.0, 1, 2019-02-25 13:36:56
YMH9, 26065.0, 2, 2019-02-25 13:36:59
YMH9, 26065.0, 2, 2019-02-25 13:37:00
YMH9, 26065.0, 2, 2019-02-25 13:37:01
YMH9, 26065.0, 1, 2019-02-25 13:37:03
YMH9, 26064.0, 1, 2019-02-25 13:37:04
YMH9, 26064.0, 1, 2019-02-25 13:37:06
YMH9, 26064.0, 1, 2019-02-25 13:37:09
YMH9, 26064.0, 1, 2019-02-25 13:37:12
YMH9, 26064.0, 1, 2019-02-25 13:37:13
YMH9, 26064.0, 1, 2019-02-25 13:37:14
YMH9, 26064.0, 1, 2019-02-25 13:37:15
YMH9, 26064.0, 1, 2019-02-25 13:37:16
YMH9, 26064.0, 1, 2019-02-25 13:37:18
YMH9, 26064.0, 1, 2019-02-25 13:37:19
YMH9, 26064.0, 1, 2019-02-25 13:37:20
YMH9, 26064.0, 1, 2019-02-25 13:37:21
YMH9, 26064.0, 1, 2019-02-25 13:37:23
YMH9, 26064.0, 1, 2019-02-25 13:37:24
YMH9, 26064.0, 1, 2019-02-25 13:37:25
YMH9, 26064.0, 1, 2019-02-25 13:37:26
YMH9, 26064.0, 1, 2019-02-25 13:37:27
YMH9, 26064.0, 1, 2019-02-25 13:37:28
YMH9, 26064.0, 1, 2019-02-25 13:37:30
YMH9, 26063.0, 1, 2019-02-25 13:37:31
YMH9, 26063.0, 1, 2019-02-25 13:37:32
YMH9, 26063.0, 1, 2019-02-25 13:37:33
YMH9, 26063.0, 1, 2019-02-25 13:37:35
YMH9, 26063.0, 1, 2019-02-25 13:37:36
YMH9, 26063.0, 1, 2019-02-25 13:37:37
YMH9, 26063.0, 1, 2019-02-25 13:37:38
YMH9, 26063.0, 1, 2019-02-25 13:37:39
YMH9, 26063.0, 1, 2019-02-25 13:37:40
YMH9, 26063.0, 1, 2019-02-25 13:37:41
YMH9, 26063.0, 1, 2019-02-25 13:37:43
YMH9, 26063.0, 1, 2019-02-25 13:37:44
YMH9, 26064.0, 1, 2019-02-25 13:37:45
YMH9, 26064.0, 1, 2019-02-25 13:37:46
YMH9, 26064.0, 1, 2019-02-25 13:37:47
YMH9, 26064.0, 1, 2019-02-25 13:37:48
YMH9, 26064.0, 1, 2019-02-25 13:37:49
YMH9, 26064.0, 1, 2019-02-25 13:37:51
YMH9, 26065.0, 1, 2019-02-25 13:37:52
YMH9, 26065.0, 1, 2019-02-25 13:37:53
YMH9, 26065.0, 1, 2019-02-25 13:37:54
YMH9, 26065.0, 1, 2019-02-25 13:38:00
YMH9, 26065.0, 1, 2019-02-25 13:38:02
YMH9, 26065.0, 1, 2019-02-25 13:38:03
YMH9, 26065.0, 1, 2019-02-25 13:38:06
YMH9, 26065.0, 1, 2019-02-25 13:38:07
YMH9, 26065.0, 2, 2019-02-25 13:38:09
YMH9, 26065.0, 2, 2019-02-25 13:38:10
YMH9, 26065.0, 2, 2019-02-25 13:38:11
YMH9, 26064.0, 1, 2019-02-25 13:38:13
YMH9, 26064.0, 1, 2019-02-25 13:38:15
YMH9, 26064.0, 1, 2019-02-25 13:38:16
YMH9, 26064.0, 1, 2019-02-25 13:38:17
YMH9, 26064.0, 1, 2019-02-25 13:38:18
YMH9, 26063.0, 1, 2019-02-25 13:38:19
YMH9, 26063.0, 1, 2019-02-25 13:38:20
YMH9, 26064.0, 1, 2019-02-25 13:38:22
YMH9, 26065.0, 1, 2019-02-25 13:38:23
YMH9, 26065.0, 1, 2019-02-25 13:38:24
YMH9, 26065.0, 1, 2019-02-25 13:38:26
YMH9, 26065.0, 1, 2019-02-25 13:38:27
YMH9, 26065.0, 1, 2019-02-25 13:38:28
YMH9, 26066.0, 1, 2019-02-25 13:38:30
YMH9, 26065.0, 1, 2019-02-25 13:38:31
YMH9, 26065.0, 1, 2019-02-25 13:38:32
YMH9, 26066.0, 1, 2019-02-25 13:38:33
YMH9, 26066.0, 1, 2019-02-25 13:38:34
YMH9, 26066.0, 1, 2019-02-25 13:38:36
YMH9, 26066.0, 1, 2019-02-25 13:38:37
YMH9, 26065.0, 1, 2019-02-25 13:38:38
YMH9, 26066.0, 1, 2019-02-25 13:38:40
YMH9, 26066.0, 1, 2019-02-25 13:38:42
YMH9, 26066.0, 1, 2019-02-25 13:38:43
YMH9, 26066.0, 1, 2019-02-25 13:38:44
YMH9, 26066.0, 1, 2019-02-25 13:38:45
YMH9, 26066.0, 1, 2019-02-25 13:38:46
YMH9, 26065.0, 3, 2019-02-25 13:38:47
YMH9, 26065.0, 2, 2019-02-25 13:38:48
YMH9, 26065.0, 2, 2019-02-25 13:38:49
YMH9, 26065.0, 2, 2019-02-25 13:38:50
YMH9, 26065.0, 1, 2019-02-25 13:38:51
YMH9, 26065.0, 1, 2019-02-25 13:38:52
YMH9, 26065.0, 1, 2019-02-25 13:38:53
YMH9, 26065.0, 1, 2019-02-25 13:38:54
YMH9, 26065.0, 1, 2019-02-25 13:38:55
YMH9, 26065.0, 1, 2019-02-25 13:38:56
YMH9, 26065.0, 1, 2019-02-25 13:39:00
YMH9, 26065.0, 1, 2019-02-25 13:39:02
YMH9, 26065.0, 1, 2019-02-25 13:39:03
YMH9, 26065.0, 1, 2019-02-25 13:39:04
YMH9, 26065.0, 1, 2019-02-25 13:39:06
YMH9, 26065.0, 1, 2019-02-25 13:39:07
YMH9, 26065.0, 1, 2019-02-25 13:39:08
YMH9, 26065.0, 1, 2019-02-25 13:39:10
YMH9, 26065.0, 1, 2019-02-25 13:39:13
YMH9, 26064.0, 1, 2019-02-25 13:39:15
YMH9, 26064.0, 1, 2019-02-25 13:39:16
YMH9, 26063.0, 1, 2019-02-25 13:39:16
YMH9, 26063.0, 1, 2019-02-25 13:39:18
YMH9, 26063.0, 1, 2019-02-25 13:39:19
YMH9, 26063.0, 1, 2019-02-25 13:39:20
YMH9, 26063.0, 1, 2019-02-25 13:39:21
YMH9, 26063.0, 1, 2019-02-25 13:39:22
YMH9, 26063.0, 1, 2019-02-25 13:39:23
YMH9, 26063.0, 1, 2019-02-25 13:39:24
YMH9, 26062.0, 1, 2019-02-25 13:39:25
YMH9, 26062.0, 1, 2019-02-25 13:39:26
YMH9, 26062.0, 1, 2019-02-25 13:39:28
YMH9, 26063.0, 1, 2019-02-25 13:39:28
YMH9, 26063.0, 1, 2019-02-25 13:39:30
YMH9, 26063.0, 1, 2019-02-25 13:39:31
YMH9, 26063.0, 1, 2019-02-25 13:39:32
YMH9, 26063.0, 1, 2019-02-25 13:39:33
YMH9, 26063.0, 1, 2019-02-25 13:39:34
YMH9, 26063.0, 1, 2019-02-25 13:39:35
YMH9, 26063.0, 1, 2019-02-25 13:39:36
YMH9, 26063.0, 1, 2019-02-25 13:39:37
YMH9, 26063.0, 1, 2019-02-25 13:39:38
YMH9, 26063.0, 1, 2019-02-25 13:39:39
YMH9, 26063.0, 1, 2019-02-25 13:39:40
YMH9, 26063.0, 1, 2019-02-25 13:39:41
YMH9, 26063.0, 1, 2019-02-25 13:39:42
YMH9, 26063.0, 1, 2019-02-25 13:39:43
YMH9, 26063.0, 1, 2019-02-25 13:39:44
YMH9, 26063.0, 1, 2019-02-25 13:39:45
YMH9, 26063.0, 1, 2019-02-25 13:39:46
YMH9, 26063.0, 1, 2019-02-25 13:39:47
YMH9, 26063.0, 1, 2019-02-25 13:39:48
YMH9, 26062.0, 1, 2019-02-25 13:39:49
YMH9, 26062.0, 1, 2019-02-25 13:39:50
YMH9, 26062.0, 1, 2019-02-25 13:39:51
YMH9, 26062.0, 1, 2019-02-25 13:39:52
YMH9, 26061.0, 1, 2019-02-25 13:39:53
YMH9, 26061.0, 1, 2019-02-25 13:39:54
YMH9, 26061.0, 1, 2019-02-25 13:39:55
YMH9, 26062.0, 1, 2019-02-25 13:39:57
YMH9, 26062.0, 1, 2019-02-25 13:39:58
YMH9, 26062.0, 1, 2019-02-25 13:39:59
YMH9, 26061.0, 1, 2019-02-25 13:40:00
YMH9, 26061.0, 1, 2019-02-25 13:40:01
YMH9, 26060.0, 1, 2019-02-25 13:40:03
YMH9, 26060.0, 1, 2019-02-25 13:40:04
YMH9, 26061.0, 2, 2019-02-25 13:40:05
YMH9, 26061.0, 2, 2019-02-25 13:40:06
YMH9, 26062.0, 3, 2019-02-25 13:40:07
YMH9, 26062.0, 2, 2019-02-25 13:40:09
YMH9, 26062.0, 2, 2019-02-25 13:40:10
YMH9, 26062.0, 2, 2019-02-25 13:40:12
YMH9, 26060.0, 1, 2019-02-25 13:40:12
YMH9, 26060.0, 1, 2019-02-25 13:40:14
YMH9, 26060.0, 1, 2019-02-25 13:40:15
YMH9, 26061.0, 2, 2019-02-25 13:40:16
YMH9, 26061.0, 2, 2019-02-25 13:40:17
YMH9, 26061.0, 2, 2019-02-25 13:40:18
YMH9, 26061.0, 2, 2019-02-25 13:40:20
YMH9, 26061.0, 2, 2019-02-25 13:40:21
YMH9, 26061.0, 2, 2019-02-25 13:40:23
YMH9, 26061.0, 2, 2019-02-25 13:40:24
YMH9, 26061.0, 2, 2019-02-25 13:40:26
YMH9, 26061.0, 2, 2019-02-25 13:40:27
YMH9, 26062.0, 1, 2019-02-25 13:40:28
YMH9, 26062.0, 1, 2019-02-25 13:40:29
YMH9, 26061.0, 1, 2019-02-25 13:40:29
YMH9, 26061.0, 1, 2019-02-25 13:40:31
YMH9, 26061.0, 1, 2019-02-25 13:40:32
YMH9, 26061.0, 1, 2019-02-25 13:40:33
YMH9, 26061.0, 1, 2019-02-25 13:40:34
YMH9, 26060.0, 1, 2019-02-25 13:40:36
YMH9, 26060.0, 1, 2019-02-25 13:40:37
YMH9, 26060.0, 1, 2019-02-25 13:40:38
YMH9, 26060.0, 1, 2019-02-25 13:40:40
YMH9, 26059.0, 1, 2019-02-25 13:40:41
YMH9, 26059.0, 3, 2019-02-25 13:40:43
YMH9, 26059.0, 3, 2019-02-25 13:40:44
YMH9, 26059.0, 1, 2019-02-25 13:40:45
YMH9, 26059.0, 1, 2019-02-25 13:40:46
YMH9, 26059.0, 1, 2019-02-25 13:40:47
YMH9, 26059.0, 1, 2019-02-25 13:40:49
YMH9, 26059.0, 1, 2019-02-25 13:40:50
YMH9, 26059.0, 1, 2019-02-25 13:40:51
YMH9, 26059.0, 1, 2019-02-25 13:40:53
YMH9, 26059.0, 1, 2019-02-25 13:40:54
YMH9, 26059.0, 2, 2019-02-25 13:40:55
YMH9, 26059.0, 2, 2019-02-25 13:40:56
YMH9, 26059.0, 2, 2019-02-25 13:40:57
YMH9, 26059.0, 2, 2019-02-25 13:40:59
YMH9, 26059.0, 3, 2019-02-25 13:41:00
YMH9, 26059.0, 3, 2019-02-25 13:41:01
YMH9, 26058.0, 2, 2019-02-25 13:41:02
YMH9, 26058.0, 2, 2019-02-25 13:41:03
YMH9, 26056.0, 2, 2019-02-25 13:41:04
YMH9, 26056.0, 2, 2019-02-25 13:41:05
YMH9, 26056.0, 2, 2019-02-25 13:41:06
YMH9, 26057.0, 2, 2019-02-25 13:41:07
YMH9, 26057.0, 1, 2019-02-25 13:41:08
YMH9, 26057.0, 1, 2019-02-25 13:41:09
YMH9, 26057.0, 1, 2019-02-25 13:41:10
YMH9, 26057.0, 1, 2019-02-25 13:41:11
YMH9, 26057.0, 1, 2019-02-25 13:41:13
YMH9, 26057.0, 1, 2019-02-25 13:41:14
YMH9, 26058.0, 1, 2019-02-25 13:41:15
YMH9, 26057.0, 1, 2019-02-25 13:41:15
YMH9, 26057.0, 2, 2019-02-25 13:41:17
YMH9, 26057.0, 2, 2019-02-25 13:41:18
YMH9, 26057.0, 2, 2019-02-25 13:41:19
YMH9, 26057.0, 2, 2019-02-25 13:41:20
YMH9, 26058.0, 1, 2019-02-25 13:41:22
YMH9, 26058.0, 1, 2019-02-25 13:41:23
YMH9, 26059.0, 1, 2019-02-25 13:41:24
YMH9, 26058.0, 1, 2019-02-25 13:41:28
YMH9, 26058.0, 1, 2019-02-25 13:41:30
YMH9, 26059.0, 1, 2019-02-25 13:41:31
YMH9, 26059.0, 1, 2019-02-25 13:41:32
YMH9, 26059.0, 2, 2019-02-25 13:41:33
YMH9, 26059.0, 2, 2019-02-25 13:41:34
YMH9, 26059.0, 2, 2019-02-25 13:41:35
YMH9, 26059.0, 2, 2019-02-25 13:41:37
YMH9, 26059.0, 2, 2019-02-25 13:41:38
YMH9, 26059.0, 2, 2019-02-25 13:41:39
YMH9, 26058.0, 2, 2019-02-25 13:41:40
YMH9, 26058.0, 2, 2019-02-25 13:41:41
YMH9, 26058.0, 1, 2019-02-25 13:41:42
YMH9, 26058.0, 1, 2019-02-25 13:41:43
YMH9, 26058.0, 1, 2019-02-25 13:41:46
YMH9, 26058.0, 1, 2019-02-25 13:41:47
YMH9, 26058.0, 1, 2019-02-25 13:41:48
YMH9, 26058.0, 1, 2019-02-25 13:41:49
YMH9, 26058.0, 1, 2019-02-25 13:41:50
YMH9, 26058.0, 1, 2019-02-25 13:41:51
YMH9, 26058.0, 1, 2019-02-25 13:41:52
YMH9, 26058.0, 1, 2019-02-25 13:41:53
YMH9, 26058.0, 1, 2019-02-25 13:41:54
YMH9, 26058.0, 1, 2019-02-25 13:41:55
YMH9, 26058.0, 1, 2019-02-25 13:41:56
YMH9, 26059.0, 1, 2019-02-25 13:41:57
YMH9, 26059.0, 1, 2019-02-25 13:41:58
YMH9, 26059.0, 1, 2019-02-25 13:41:59
YMH9, 26059.0, 1, 2019-02-25 13:42:00
YMH9, 26059.0, 1, 2019-02-25 13:42:01
YMH9, 26057.0, 2, 2019-02-25 13:42:02
YMH9, 26057.0, 2, 2019-02-25 13:42:03
YMH9, 26057.0, 2, 2019-02-25 13:42:04
YMH9, 26057.0, 2, 2019-02-25 13:42:06
YMH9, 26058.0, 1, 2019-02-25 13:42:09
YMH9, 26056.0, 1, 2019-02-25 13:42:09
YMH9, 26056.0, 1, 2019-02-25 13:42:10
YMH9, 26056.0, 1, 2019-02-25 13:42:11
YMH9, 26056.0, 1, 2019-02-25 13:42:13
YMH9, 26056.0, 1, 2019-02-25 13:42:14
YMH9, 26056.0, 1, 2019-02-25 13:42:15
YMH9, 26056.0, 1, 2019-02-25 13:42:16
YMH9, 26056.0, 1, 2019-02-25 13:42:18
YMH9, 26059.0, 1, 2019-02-25 13:42:19
YMH9, 26059.0, 1, 2019-02-25 13:42:20
YMH9, 26059.0, 1, 2019-02-25 13:42:21
YMH9, 26059.0, 1, 2019-02-25 13:42:23
YMH9, 26059.0, 1, 2019-02-25 13:42:25
YMH9, 26059.0, 1, 2019-02-25 13:42:27
YMH9, 26059.0, 1, 2019-02-25 13:42:29
YMH9, 26058.0, 1, 2019-02-25 13:42:31
YMH9, 26058.0, 1, 2019-02-25 13:42:33
YMH9, 26058.0, 1, 2019-02-25 13:42:35
YMH9, 26058.0, 1, 2019-02-25 13:42:37
YMH9, 26058.0, 1, 2019-02-25 13:42:38
YMH9, 26058.0, 1, 2019-02-25 13:42:39
YMH9, 26059.0, 1, 2019-02-25 13:42:40
YMH9, 26059.0, 1, 2019-02-25 13:42:41
YMH9, 26059.0, 1, 2019-02-25 13:42:42
YMH9, 26059.0, 1, 2019-02-25 13:42:43
YMH9, 26059.0, 1, 2019-02-25 13:42:44
YMH9, 26059.0, 1, 2019-02-25 13:42:45
YMH9, 26059.0, 1, 2019-02-25 13:42:46
YMH9, 26059.0, 1, 2019-02-25 13:42:47
YMH9, 26060.0, 1, 2019-02-25 13:42:48
YMH9, 26060.0, 1, 2019-02-25 13:42:49
YMH9, 26060.0, 1, 2019-02-25 13:42:52
YMH9, 26060.0, 1, 2019-02-25 13:42:53
YMH9, 26060.0, 1, 2019-02-25 13:42:54
YMH9, 26060.0, 1, 2019-02-25 13:42:55
YMH9, 26061.0, 2, 2019-02-25 13:42:56
YMH9, 26061.0, 2, 2019-02-25 13:42:57
YMH9, 26063.0, 1, 2019-02-25 13:42:58
YMH9, 26063.0, 1, 2019-02-25 13:42:59
YMH9, 26063.0, 1, 2019-02-25 13:43:00
YMH9, 26063.0, 1, 2019-02-25 13:43:01
YMH9, 26063.0, 1, 2019-02-25 13:43:02
YMH9, 26063.0, 1, 2019-02-25 13:43:03
YMH9, 26063.0, 1, 2019-02-25 13:43:04
YMH9, 26063.0, 1, 2019-02-25 13:43:05
YMH9, 26063.0, 1, 2019-02-25 13:43:06
YMH9, 26063.0, 1, 2019-02-25 13:43:08
YMH9, 26063.0, 1, 2019-02-25 13:43:09
YMH9, 26063.0, 1, 2019-02-25 13:43:10
YMH9, 26063.0, 1, 2019-02-25 13:43:11
YMH9, 26063.0, 1, 2019-02-25 13:43:12
YMH9, 26063.0, 3, 2019-02-25 13:43:14
YMH9, 26064.0, 1, 2019-02-25 13:43:15
YMH9, 26064.0, 1, 2019-02-25 13:43:16
YMH9, 26063.0, 3, 2019-02-25 13:43:17
YMH9, 26063.0, 3, 2019-02-25 13:43:18
YMH9, 26063.0, 3, 2019-02-25 13:43:20
YMH9, 26063.0, 3, 2019-02-25 13:43:21
YMH9, 26063.0, 1, 2019-02-25 13:43:21
YMH9, 26063.0, 1, 2019-02-25 13:43:22
YMH9, 26064.0, 1, 2019-02-25 13:43:23
YMH9, 26065.0, 1, 2019-02-25 13:43:25
YMH9, 26065.0, 1, 2019-02-25 13:43:26
YMH9, 26065.0, 1, 2019-02-25 13:43:27
YMH9, 26066.0, 1, 2019-02-25 13:43:28
YMH9, 26065.0, 1, 2019-02-25 13:43:29
YMH9, 26065.0, 1, 2019-02-25 13:43:30
YMH9, 26065.0, 1, 2019-02-25 13:43:31
YMH9, 26065.0, 1, 2019-02-25 13:43:32
YMH9, 26065.0, 1, 2019-02-25 13:43:33
YMH9, 26065.0, 1, 2019-02-25 13:43:35
YMH9, 26065.0, 1, 2019-02-25 13:43:36
YMH9, 26065.0, 1, 2019-02-25 13:43:37
YMH9, 26066.0, 2, 2019-02-25 13:43:38
YMH9, 26067.0, 1, 2019-02-25 13:43:39
YMH9, 26067.0, 1, 2019-02-25 13:43:40
YMH9, 26067.0, 1, 2019-02-25 13:43:41
YMH9, 26068.0, 1, 2019-02-25 13:43:42
YMH9, 26068.0, 1, 2019-02-25 13:43:43
YMH9, 26068.0, 1, 2019-02-25 13:43:44
YMH9, 26069.0, 1, 2019-02-25 13:43:45
YMH9, 26069.0, 1, 2019-02-25 13:43:46
YMH9, 26069.0, 1, 2019-02-25 13:43:47
YMH9, 26069.0, 1, 2019-02-25 13:43:48
YMH9, 26067.0, 1, 2019-02-25 13:43:49
YMH9, 26069.0, 1, 2019-02-25 13:43:51
YMH9, 26070.0, 1, 2019-02-25 13:43:52
YMH9, 26070.0, 1, 2019-02-25 13:43:53
YMH9, 26070.0, 1, 2019-02-25 13:43:54
YMH9, 26069.0, 1, 2019-02-25 13:43:55
YMH9, 26069.0, 1, 2019-02-25 13:43:56
YMH9, 26069.0, 1, 2019-02-25 13:43:57
YMH9, 26069.0, 1, 2019-02-25 13:43:58
YMH9, 26069.0, 1, 2019-02-25 13:43:59
YMH9, 26069.0, 1, 2019-02-25 13:44:00
YMH9, 26069.0, 1, 2019-02-25 13:44:01
YMH9, 26069.0, 1, 2019-02-25 13:44:02
YMH9, 26069.0, 1, 2019-02-25 13:44:04
YMH9, 26070.0, 1, 2019-02-25 13:44:05
YMH9, 26070.0, 1, 2019-02-25 13:44:06
YMH9, 26069.0, 1, 2019-02-25 13:44:07
YMH9, 26069.0, 1, 2019-02-25 13:44:08
YMH9, 26069.0, 1, 2019-02-25 13:44:09
YMH9, 26069.0, 1, 2019-02-25 13:44:10
YMH9, 26069.0, 1, 2019-02-25 13:44:11
YMH9, 26069.0, 1, 2019-02-25 13:44:12
YMH9, 26069.0, 1, 2019-02-25 13:44:13
YMH9, 26069.0, 1, 2019-02-25 13:44:14
YMH9, 26070.0, 1, 2019-02-25 13:44:15
YMH9, 26070.0, 1, 2019-02-25 13:44:16
YMH9, 26070.0, 1, 2019-02-25 13:44:17
YMH9, 26070.0, 1, 2019-02-25 13:44:18
YMH9, 26070.0, 1, 2019-02-25 13:44:19
YMH9, 26069.0, 1, 2019-02-25 13:44:20
YMH9, 26069.0, 1, 2019-02-25 13:44:22
YMH9, 26070.0, 1, 2019-02-25 13:44:22
YMH9, 26070.0, 1, 2019-02-25 13:44:24
YMH9, 26069.0, 1, 2019-02-25 13:44:25
YMH9, 26069.0, 1, 2019-02-25 13:44:27
YMH9, 26069.0, 1, 2019-02-25 13:44:28
YMH9, 26069.0, 1, 2019-02-25 13:44:29
YMH9, 26069.0, 1, 2019-02-25 13:44:31
YMH9, 26069.0, 2, 2019-02-25 13:44:31
YMH9, 26069.0, 2, 2019-02-25 13:44:32
YMH9, 26069.0, 2, 2019-02-25 13:44:34
YMH9, 26069.0, 2, 2019-02-25 13:44:35
YMH9, 26070.0, 1, 2019-02-25 13:44:36
YMH9, 26070.0, 1, 2019-02-25 13:44:37
YMH9, 26070.0, 1, 2019-02-25 13:44:38
YMH9, 26070.0, 1, 2019-02-25 13:44:39
YMH9, 26070.0, 1, 2019-02-25 13:44:40
YMH9, 26070.0, 1, 2019-02-25 13:44:41
YMH9, 26070.0, 1, 2019-02-25 13:44:42
YMH9, 26069.0, 1, 2019-02-25 13:44:43
YMH9, 26069.0, 1, 2019-02-25 13:44:44
YMH9, 26069.0, 1, 2019-02-25 13:44:45
YMH9, 26069.0, 1, 2019-02-25 13:44:46
YMH9, 26069.0, 1, 2019-02-25 13:44:47
YMH9, 26069.0, 1, 2019-02-25 13:44:48
YMH9, 26069.0, 1, 2019-02-25 13:44:50
YMH9, 26069.0, 1, 2019-02-25 13:44:51
YMH9, 26069.0, 1, 2019-02-25 13:44:53
YMH9, 26069.0, 1, 2019-02-25 13:44:54
YMH9, 26069.0, 1, 2019-02-25 13:44:56
YMH9, 26068.0, 1, 2019-02-25 13:44:57
YMH9, 26068.0, 1, 2019-02-25 13:44:58
YMH9, 26068.0, 1, 2019-02-25 13:44:59
YMH9, 26068.0, 1, 2019-02-25 13:45:00
YMH9, 26068.0, 1, 2019-02-25 13:45:01
YMH9, 26068.0, 1, 2019-02-25 13:45:03
YMH9, 26068.0, 1, 2019-02-25 13:45:04
YMH9, 26068.0, 1, 2019-02-25 13:45:05
YMH9, 26068.0, 1, 2019-02-25 13:45:06
YMH9, 26069.0, 1, 2019-02-25 13:45:07
YMH9, 26069.0, 1, 2019-02-25 13:45:08
YMH9, 26068.0, 1, 2019-02-25 13:45:09
YMH9, 26068.0, 1, 2019-02-25 13:45:10
YMH9, 26068.0, 1, 2019-02-25 13:45:11
YMH9, 26068.0, 2, 2019-02-25 13:45:12
YMH9, 26068.0, 2, 2019-02-25 13:45:13
YMH9, 26067.0, 1, 2019-02-25 13:45:14
YMH9, 26067.0, 1, 2019-02-25 13:45:15
YMH9, 26067.0, 1, 2019-02-25 13:45:16
YMH9, 26067.0, 1, 2019-02-25 13:45:17
YMH9, 26067.0, 1, 2019-02-25 13:45:18
YMH9, 26067.0, 1, 2019-02-25 13:45:19
YMH9, 26067.0, 1, 2019-02-25 13:45:20
YMH9, 26067.0, 1, 2019-02-25 13:45:21
YMH9, 26066.0, 1, 2019-02-25 13:45:22
YMH9, 26064.0, 1, 2019-02-25 13:45:24
YMH9, 26064.0, 1, 2019-02-25 13:45:25
YMH9, 26065.0, 1, 2019-02-25 13:45:27
YMH9, 26066.0, 1, 2019-02-25 13:45:28
YMH9, 26066.0, 1, 2019-02-25 13:45:30
YMH9, 26066.0, 1, 2019-02-25 13:45:31
YMH9, 26067.0, 1, 2019-02-25 13:45:33
YMH9, 26067.0, 1, 2019-02-25 13:45:34
YMH9, 26067.0, 1, 2019-02-25 13:45:35
YMH9, 26066.0, 1, 2019-02-25 13:45:35
YMH9, 26066.0, 1, 2019-02-25 13:45:37
YMH9, 26066.0, 2, 2019-02-25 13:45:37
YMH9, 26066.0, 2, 2019-02-25 13:45:39
YMH9, 26067.0, 1, 2019-02-25 13:45:39
YMH9, 26067.0, 1, 2019-02-25 13:45:41
YMH9, 26067.0, 1, 2019-02-25 13:45:42
YMH9, 26066.0, 1, 2019-02-25 13:45:43
YMH9, 26066.0, 1, 2019-02-25 13:45:45
YMH9, 26066.0, 1, 2019-02-25 13:45:46
YMH9, 26067.0, 1, 2019-02-25 13:45:47
YMH9, 26068.0, 1, 2019-02-25 13:45:48
YMH9, 26068.0, 1, 2019-02-25 13:45:49
YMH9, 26068.0, 1, 2019-02-25 13:45:51
YMH9, 26067.0, 1, 2019-02-25 13:45:52
YMH9, 26066.0, 1, 2019-02-25 13:45:54
YMH9, 26066.0, 1, 2019-02-25 13:45:55
YMH9, 26066.0, 1, 2019-02-25 13:45:56
YMH9, 26067.0, 1, 2019-02-25 13:45:57
YMH9, 26067.0, 1, 2019-02-25 13:45:58
YMH9, 26067.0, 1, 2019-02-25 13:46:00
YMH9, 26068.0, 1, 2019-02-25 13:46:01
YMH9, 26068.0, 1, 2019-02-25 13:46:02
YMH9, 26068.0, 1, 2019-02-25 13:46:03
YMH9, 26069.0, 1, 2019-02-25 13:46:04
YMH9, 26068.0, 1, 2019-02-25 13:46:05
YMH9, 26068.0, 1, 2019-02-25 13:46:06
YMH9, 26067.0, 1, 2019-02-25 13:46:07
YMH9, 26067.0, 1, 2019-02-25 13:46:08
YMH9, 26068.0, 1, 2019-02-25 13:46:09
YMH9, 26069.0, 1, 2019-02-25 13:46:10
YMH9, 26069.0, 1, 2019-02-25 13:46:11
YMH9, 26067.0, 1, 2019-02-25 13:46:12
YMH9, 26067.0, 1, 2019-02-25 13:46:13
YMH9, 26067.0, 1, 2019-02-25 13:46:14
YMH9, 26067.0, 1, 2019-02-25 13:46:15
YMH9, 26067.0, 1, 2019-02-25 13:46:16
YMH9, 26067.0, 1, 2019-02-25 13:46:17
YMH9, 26067.0, 1, 2019-02-25 13:46:18
YMH9, 26067.0, 1, 2019-02-25 13:46:19
YMH9, 26067.0, 1, 2019-02-25 13:46:20
YMH9, 26068.0, 1, 2019-02-25 13:46:21
YMH9, 26068.0, 1, 2019-02-25 13:46:22
YMH9, 26068.0, 1, 2019-02-25 13:46:23
YMH9, 26067.0, 1, 2019-02-25 13:46:24
YMH9, 26067.0, 1, 2019-02-25 13:46:25
YMH9, 26067.0, 1, 2019-02-25 13:46:26
YMH9, 26067.0, 1, 2019-02-25 13:46:27
YMH9, 26068.0, 1, 2019-02-25 13:46:28
YMH9, 26068.0, 1, 2019-02-25 13:46:29
YMH9, 26068.0, 1, 2019-02-25 13:46:30
YMH9, 26068.0, 1, 2019-02-25 13:46:31
YMH9, 26068.0, 1, 2019-02-25 13:46:32
YMH9, 26068.0, 1, 2019-02-25 13:46:33
YMH9, 26068.0, 1, 2019-02-25 13:46:35
YMH9, 26068.0, 1, 2019-02-25 13:46:36
YMH9, 26068.0, 1, 2019-02-25 13:46:37
YMH9, 26068.0, 1, 2019-02-25 13:46:39
YMH9, 26068.0, 1, 2019-02-25 13:46:40
YMH9, 26068.0, 1, 2019-02-25 13:46:41
YMH9, 26068.0, 1, 2019-02-25 13:46:42
YMH9, 26068.0, 1, 2019-02-25 13:46:44
YMH9, 26068.0, 1, 2019-02-25 13:46:45
YMH9, 26068.0, 1, 2019-02-25 13:46:47
YMH9, 26068.0, 1, 2019-02-25 13:46:49
YMH9, 26068.0, 1, 2019-02-25 13:46:50
YMH9, 26068.0, 1, 2019-02-25 13:46:51
YMH9, 26068.0, 1, 2019-02-25 13:46:52
YMH9, 26068.0, 1, 2019-02-25 13:46:53
YMH9, 26068.0, 1, 2019-02-25 13:46:54
YMH9, 26068.0, 1, 2019-02-25 13:46:56
YMH9, 26068.0, 1, 2019-02-25 13:46:57
YMH9, 26068.0, 1, 2019-02-25 13:46:58
YMH9, 26068.0, 1, 2019-02-25 13:46:59
YMH9, 26067.0, 1, 2019-02-25 13:47:00
YMH9, 26067.0, 1, 2019-02-25 13:47:01
YMH9, 26067.0, 1, 2019-02-25 13:47:02
YMH9, 26067.0, 1, 2019-02-25 13:47:03
YMH9, 26066.0, 1, 2019-02-25 13:47:05
YMH9, 26066.0, 1, 2019-02-25 13:47:06
YMH9, 26066.0, 2, 2019-02-25 13:47:08
YMH9, 26066.0, 1, 2019-02-25 13:47:10
YMH9, 26065.0, 1, 2019-02-25 13:47:11
YMH9, 26065.0, 1, 2019-02-25 13:47:13
YMH9, 26066.0, 1, 2019-02-25 13:47:14
YMH9, 26065.0, 1, 2019-02-25 13:47:15
YMH9, 26065.0, 1, 2019-02-25 13:47:16
YMH9, 26064.0, 1, 2019-02-25 13:47:17
YMH9, 26064.0, 1, 2019-02-25 13:47:18
YMH9, 26063.0, 3, 2019-02-25 13:47:19
YMH9, 26064.0, 2, 2019-02-25 13:47:20
YMH9, 26064.0, 2, 2019-02-25 13:47:21
YMH9, 26064.0, 2, 2019-02-25 13:47:22
YMH9, 26064.0, 2, 2019-02-25 13:47:23
YMH9, 26063.0, 1, 2019-02-25 13:47:24
YMH9, 26063.0, 1, 2019-02-25 13:47:25
YMH9, 26063.0, 1, 2019-02-25 13:47:26
YMH9, 26063.0, 1, 2019-02-25 13:47:28
YMH9, 26063.0, 1, 2019-02-25 13:47:29
YMH9, 26061.0, 1, 2019-02-25 13:47:30
YMH9, 26061.0, 1, 2019-02-25 13:47:31
YMH9, 26061.0, 1, 2019-02-25 13:47:32
YMH9, 26061.0, 1, 2019-02-25 13:47:35
YMH9, 26061.0, 1, 2019-02-25 13:47:36
YMH9, 26061.0, 1, 2019-02-25 13:47:38
YMH9, 26061.0, 1, 2019-02-25 13:47:39
YMH9, 26061.0, 1, 2019-02-25 13:47:40
YMH9, 26062.0, 2, 2019-02-25 13:47:42
YMH9, 26061.0, 2, 2019-02-25 13:47:43
YMH9, 26061.0, 1, 2019-02-25 13:47:43
YMH9, 26060.0, 1, 2019-02-25 13:47:46
YMH9, 26060.0, 1, 2019-02-25 13:47:48
YMH9, 26060.0, 1, 2019-02-25 13:47:49
YMH9, 26060.0, 1, 2019-02-25 13:47:50
YMH9, 26060.0, 1, 2019-02-25 13:47:51
YMH9, 26060.0, 8, 2019-02-25 13:47:52
YMH9, 26060.0, 8, 2019-02-25 13:47:53
YMH9, 26060.0, 1, 2019-02-25 13:47:54
YMH9, 26060.0, 1, 2019-02-25 13:47:56
YMH9, 26060.0, 1, 2019-02-25 13:47:57
YMH9, 26060.0, 1, 2019-02-25 13:48:00
YMH9, 26060.0, 1, 2019-02-25 13:48:01
YMH9, 26059.0, 1, 2019-02-25 13:48:02
YMH9, 26059.0, 1, 2019-02-25 13:48:03
YMH9, 26058.0, 1, 2019-02-25 13:48:04
YMH9, 26057.0, 1, 2019-02-25 13:48:05
YMH9, 26056.0, 1, 2019-02-25 13:48:06
YMH9, 26056.0, 1, 2019-02-25 13:48:07
YMH9, 26056.0, 1, 2019-02-25 13:48:08
YMH9, 26056.0, 1, 2019-02-25 13:48:09
YMH9, 26056.0, 1, 2019-02-25 13:48:10
YMH9, 26057.0, 1, 2019-02-25 13:48:11
YMH9, 26056.0, 1, 2019-02-25 13:48:12
YMH9, 26056.0, 2, 2019-02-25 13:48:13
YMH9, 26056.0, 1, 2019-02-25 13:48:15
YMH9, 26056.0, 1, 2019-02-25 13:48:16
YMH9, 26056.0, 1, 2019-02-25 13:48:17
YMH9, 26055.0, 1, 2019-02-25 13:48:18
YMH9, 26055.0, 1, 2019-02-25 13:48:19
YMH9, 26055.0, 1, 2019-02-25 13:48:20
YMH9, 26055.0, 1, 2019-02-25 13:48:21
YMH9, 26055.0, 1, 2019-02-25 13:48:22
YMH9, 26055.0, 2, 2019-02-25 13:48:23
YMH9, 26053.0, 1, 2019-02-25 13:48:24
YMH9, 26054.0, 1, 2019-02-25 13:48:25
YMH9, 26054.0, 1, 2019-02-25 13:48:26
YMH9, 26054.0, 1, 2019-02-25 13:48:27
YMH9, 26054.0, 1, 2019-02-25 13:48:28
YMH9, 26055.0, 1, 2019-02-25 13:48:29
YMH9, 26056.0, 1, 2019-02-25 13:48:30
YMH9, 26055.0, 1, 2019-02-25 13:48:31
YMH9, 26055.0, 1, 2019-02-25 13:48:32
YMH9, 26054.0, 1, 2019-02-25 13:48:33
YMH9, 26054.0, 2, 2019-02-25 13:48:34
YMH9, 26054.0, 1, 2019-02-25 13:48:35
YMH9, 26053.0, 1, 2019-02-25 13:48:36
YMH9, 26053.0, 1, 2019-02-25 13:48:38
YMH9, 26055.0, 1, 2019-02-25 13:48:38
YMH9, 26055.0, 1, 2019-02-25 13:48:40
YMH9, 26054.0, 1, 2019-02-25 13:48:40
YMH9, 26055.0, 1, 2019-02-25 13:48:41
YMH9, 26056.0, 1, 2019-02-25 13:48:44
YMH9, 26055.0, 1, 2019-02-25 13:48:45
YMH9, 26055.0, 1, 2019-02-25 13:48:46
YMH9, 26056.0, 1, 2019-02-25 13:48:47
YMH9, 26057.0, 1, 2019-02-25 13:48:48
YMH9, 26058.0, 1, 2019-02-25 13:48:49
YMH9, 26057.0, 1, 2019-02-25 13:48:51
YMH9, 26057.0, 1, 2019-02-25 13:48:52
YMH9, 26058.0, 1, 2019-02-25 13:48:53
YMH9, 26058.0, 1, 2019-02-25 13:48:54
YMH9, 26057.0, 1, 2019-02-25 13:48:55
YMH9, 26057.0, 1, 2019-02-25 13:48:56
YMH9, 26057.0, 1, 2019-02-25 13:48:57
YMH9, 26057.0, 1, 2019-02-25 13:48:59
YMH9, 26056.0, 1, 2019-02-25 13:49:00
YMH9, 26057.0, 1, 2019-02-25 13:49:01
YMH9, 26057.0, 1, 2019-02-25 13:49:03
YMH9, 26056.0, 1, 2019-02-25 13:49:04
YMH9, 26056.0, 1, 2019-02-25 13:49:05
YMH9, 26057.0, 1, 2019-02-25 13:49:06
YMH9, 26058.0, 1, 2019-02-25 13:49:07
YMH9, 26059.0, 1, 2019-02-25 13:49:08
YMH9, 26059.0, 2, 2019-02-25 13:49:09
YMH9, 26058.0, 1, 2019-02-25 13:49:10
YMH9, 26058.0, 1, 2019-02-25 13:49:11
YMH9, 26058.0, 1, 2019-02-25 13:49:12
YMH9, 26059.0, 5, 2019-02-25 13:49:13
YMH9, 26059.0, 5, 2019-02-25 13:49:14
YMH9, 26057.0, 1, 2019-02-25 13:49:15
YMH9, 26058.0, 1, 2019-02-25 13:49:16
YMH9, 26058.0, 1, 2019-02-25 13:49:17
YMH9, 26056.0, 1, 2019-02-25 13:49:18
YMH9, 26056.0, 2, 2019-02-25 13:49:19
YMH9, 26056.0, 2, 2019-02-25 13:49:20
YMH9, 26056.0, 2, 2019-02-25 13:49:21
YMH9, 26056.0, 1, 2019-02-25 13:49:22
YMH9, 26056.0, 1, 2019-02-25 13:49:24
YMH9, 26056.0, 1, 2019-02-25 13:49:25
YMH9, 26056.0, 1, 2019-02-25 13:49:26
YMH9, 26056.0, 1, 2019-02-25 13:49:27
YMH9, 26056.0, 1, 2019-02-25 13:49:28
YMH9, 26056.0, 1, 2019-02-25 13:49:29
YMH9, 26056.0, 1, 2019-02-25 13:49:30
YMH9, 26056.0, 1, 2019-02-25 13:49:31
YMH9, 26056.0, 1, 2019-02-25 13:49:32
YMH9, 26056.0, 1, 2019-02-25 13:49:33
YMH9, 26056.0, 1, 2019-02-25 13:49:34
YMH9, 26056.0, 1, 2019-02-25 13:49:35
YMH9, 26056.0, 2, 2019-02-25 13:49:36
YMH9, 26056.0, 2, 2019-02-25 13:49:37
YMH9, 26056.0, 1, 2019-02-25 13:49:39
YMH9, 26056.0, 1, 2019-02-25 13:49:40
YMH9, 26055.0, 1, 2019-02-25 13:49:41
YMH9, 26055.0, 1, 2019-02-25 13:49:42
YMH9, 26055.0, 1, 2019-02-25 13:49:43
YMH9, 26054.0, 1, 2019-02-25 13:49:45
YMH9, 26054.0, 1, 2019-02-25 13:49:46
YMH9, 26055.0, 1, 2019-02-25 13:49:48
YMH9, 26054.0, 1, 2019-02-25 13:49:48
YMH9, 26054.0, 1, 2019-02-25 13:49:49
YMH9, 26054.0, 1, 2019-02-25 13:49:50
YMH9, 26054.0, 1, 2019-02-25 13:49:52
YMH9, 26054.0, 1, 2019-02-25 13:49:54
YMH9, 26055.0, 1, 2019-02-25 13:49:57
YMH9, 26055.0, 1, 2019-02-25 13:49:59
YMH9, 26055.0, 1, 2019-02-25 13:50:00
YMH9, 26054.0, 1, 2019-02-25 13:50:02
YMH9, 26054.0, 1, 2019-02-25 13:50:03
YMH9, 26054.0, 1, 2019-02-25 13:50:05
YMH9, 26054.0, 1, 2019-02-25 13:50:06
YMH9, 26054.0, 1, 2019-02-25 13:50:07
YMH9, 26054.0, 1, 2019-02-25 13:50:08
YMH9, 26055.0, 1, 2019-02-25 13:50:09
YMH9, 26056.0, 1, 2019-02-25 13:50:09
YMH9, 26056.0, 1, 2019-02-25 13:50:11
YMH9, 26056.0, 1, 2019-02-25 13:50:12
YMH9, 26056.0, 1, 2019-02-25 13:50:13
YMH9, 26057.0, 1, 2019-02-25 13:50:14
YMH9, 26057.0, 1, 2019-02-25 13:50:15
YMH9, 26057.0, 1, 2019-02-25 13:50:16
YMH9, 26057.0, 1, 2019-02-25 13:50:17
YMH9, 26057.0, 1, 2019-02-25 13:50:18
YMH9, 26057.0, 1, 2019-02-25 13:50:19
YMH9, 26057.0, 1, 2019-02-25 13:50:20
YMH9, 26057.0, 1, 2019-02-25 13:50:21
YMH9, 26057.0, 1, 2019-02-25 13:50:22
YMH9, 26057.0, 2, 2019-02-25 13:50:23
YMH9, 26057.0, 2, 2019-02-25 13:50:24
YMH9, 26057.0, 2, 2019-02-25 13:50:25
YMH9, 26057.0, 1, 2019-02-25 13:50:27
YMH9, 26057.0, 1, 2019-02-25 13:50:28
YMH9, 26058.0, 1, 2019-02-25 13:50:30
YMH9, 26058.0, 1, 2019-02-25 13:50:31
YMH9, 26058.0, 1, 2019-02-25 13:50:32
YMH9, 26058.0, 1, 2019-02-25 13:50:33
YMH9, 26058.0, 1, 2019-02-25 13:50:34
YMH9, 26059.0, 1, 2019-02-25 13:50:35
YMH9, 26059.0, 1, 2019-02-25 13:50:36
YMH9, 26060.0, 1, 2019-02-25 13:50:37
YMH9, 26060.0, 5, 2019-02-25 13:50:38
YMH9, 26060.0, 5, 2019-02-25 13:50:39
YMH9, 26060.0, 1, 2019-02-25 13:50:40
YMH9, 26060.0, 1, 2019-02-25 13:50:41
YMH9, 26059.0, 1, 2019-02-25 13:50:42
YMH9, 26059.0, 1, 2019-02-25 13:50:43
YMH9, 26058.0, 1, 2019-02-25 13:50:45
YMH9, 26058.0, 1, 2019-02-25 13:50:46
YMH9, 26059.0, 1, 2019-02-25 13:50:48
YMH9, 26059.0, 1, 2019-02-25 13:50:49
YMH9, 26059.0, 1, 2019-02-25 13:50:50
YMH9, 26059.0, 1, 2019-02-25 13:50:51
YMH9, 26059.0, 1, 2019-02-25 13:50:52
YMH9, 26059.0, 1, 2019-02-25 13:50:53
YMH9, 26059.0, 1, 2019-02-25 13:50:54
YMH9, 26059.0, 1, 2019-02-25 13:50:55
YMH9, 26059.0, 1, 2019-02-25 13:50:56
YMH9, 26059.0, 1, 2019-02-25 13:50:57
YMH9, 26059.0, 1, 2019-02-25 13:50:59
YMH9, 26059.0, 1, 2019-02-25 13:51:00
YMH9, 26059.0, 1, 2019-02-25 13:51:01
YMH9, 26059.0, 1, 2019-02-25 13:51:02
YMH9, 26059.0, 1, 2019-02-25 13:51:03
YMH9, 26059.0, 1, 2019-02-25 13:51:05
YMH9, 26059.0, 1, 2019-02-25 13:51:06
YMH9, 26059.0, 1, 2019-02-25 13:51:07
YMH9, 26058.0, 1, 2019-02-25 13:51:08
YMH9, 26058.0, 1, 2019-02-25 13:51:10
YMH9, 26058.0, 1, 2019-02-25 13:51:11
YMH9, 26058.0, 1, 2019-02-25 13:51:12
YMH9, 26058.0, 1, 2019-02-25 13:51:13
YMH9, 26059.0, 1, 2019-02-25 13:51:14
YMH9, 26059.0, 1, 2019-02-25 13:51:15
YMH9, 26059.0, 1, 2019-02-25 13:51:16
YMH9, 26059.0, 1, 2019-02-25 13:51:17
YMH9, 26059.0, 1, 2019-02-25 13:51:18
YMH9, 26059.0, 1, 2019-02-25 13:51:19
YMH9, 26059.0, 1, 2019-02-25 13:51:21
YMH9, 26059.0, 3, 2019-02-25 13:51:23
YMH9, 26059.0, 3, 2019-02-25 13:51:24
YMH9, 26059.0, 1, 2019-02-25 13:51:25
YMH9, 26059.0, 1, 2019-02-25 13:51:27
YMH9, 26059.0, 1, 2019-02-25 13:51:28
YMH9, 26059.0, 1, 2019-02-25 13:51:29
YMH9, 26059.0, 1, 2019-02-25 13:51:30
YMH9, 26059.0, 1, 2019-02-25 13:51:31
YMH9, 26059.0, 1, 2019-02-25 13:51:33
YMH9, 26059.0, 1, 2019-02-25 13:51:34
YMH9, 26059.0, 1, 2019-02-25 13:51:35
YMH9, 26059.0, 1, 2019-02-25 13:51:36
YMH9, 26059.0, 1, 2019-02-25 13:51:37
YMH9, 26058.0, 1, 2019-02-25 13:51:38
YMH9, 26060.0, 1, 2019-02-25 13:51:42
YMH9, 26061.0, 1, 2019-02-25 13:51:43
YMH9, 26061.0, 1, 2019-02-25 13:51:44
YMH9, 26061.0, 1, 2019-02-25 13:51:45
YMH9, 26062.0, 1, 2019-02-25 13:51:46
YMH9, 26062.0, 2, 2019-02-25 13:51:47
YMH9, 26063.0, 1, 2019-02-25 13:51:48
YMH9, 26063.0, 5, 2019-02-25 13:51:49
YMH9, 26062.0, 3, 2019-02-25 13:51:50
YMH9, 26062.0, 3, 2019-02-25 13:51:51
YMH9, 26061.0, 1, 2019-02-25 13:51:52
YMH9, 26062.0, 1, 2019-02-25 13:51:53
YMH9, 26063.0, 3, 2019-02-25 13:51:54
YMH9, 26062.0, 1, 2019-02-25 13:51:55
YMH9, 26062.0, 1, 2019-02-25 13:51:56
YMH9, 26062.0, 1, 2019-02-25 13:51:58
YMH9, 26062.0, 1, 2019-02-25 13:52:00
YMH9, 26063.0, 2, 2019-02-25 13:52:00
YMH9, 26063.0, 2, 2019-02-25 13:52:01
YMH9, 26063.0, 2, 2019-02-25 13:52:03
YMH9, 26064.0, 1, 2019-02-25 13:52:03
YMH9, 26063.0, 2, 2019-02-25 13:52:05
YMH9, 26064.0, 1, 2019-02-25 13:52:06
YMH9, 26064.0, 1, 2019-02-25 13:52:07
YMH9, 26064.0, 1, 2019-02-25 13:52:08
YMH9, 26066.0, 1, 2019-02-25 13:52:09
YMH9, 26065.0, 1, 2019-02-25 13:52:10
YMH9, 26065.0, 1, 2019-02-25 13:52:11
YMH9, 26065.0, 1, 2019-02-25 13:52:12
YMH9, 26066.0, 1, 2019-02-25 13:52:13
YMH9, 26066.0, 1, 2019-02-25 13:52:14
YMH9, 26067.0, 1, 2019-02-25 13:52:15
YMH9, 26065.0, 1, 2019-02-25 13:52:16
YMH9, 26066.0, 1, 2019-02-25 13:52:17
YMH9, 26067.0, 1, 2019-02-25 13:52:18
YMH9, 26067.0, 1, 2019-02-25 13:52:19
YMH9, 26066.0, 1, 2019-02-25 13:52:20
YMH9, 26066.0, 1, 2019-02-25 13:52:21
YMH9, 26065.0, 1, 2019-02-25 13:52:22
YMH9, 26064.0, 2, 2019-02-25 13:52:23
YMH9, 26065.0, 1, 2019-02-25 13:52:24
YMH9, 26064.0, 1, 2019-02-25 13:52:25
YMH9, 26065.0, 1, 2019-02-25 13:52:26
YMH9, 26064.0, 1, 2019-02-25 13:52:27
YMH9, 26065.0, 1, 2019-02-25 13:52:28
YMH9, 26064.0, 1, 2019-02-25 13:52:29
YMH9, 26064.0, 1, 2019-02-25 13:52:30
YMH9, 26064.0, 1, 2019-02-25 13:52:31
YMH9, 26063.0, 1, 2019-02-25 13:52:32
YMH9, 26063.0, 1, 2019-02-25 13:52:33
YMH9, 26063.0, 1, 2019-02-25 13:52:34
YMH9, 26063.0, 1, 2019-02-25 13:52:35
YMH9, 26065.0, 1, 2019-02-25 13:52:36
YMH9, 26065.0, 1, 2019-02-25 13:52:37
YMH9, 26065.0, 1, 2019-02-25 13:52:38
YMH9, 26065.0, 1, 2019-02-25 13:52:39
YMH9, 26065.0, 1, 2019-02-25 13:52:40
YMH9, 26065.0, 1, 2019-02-25 13:52:41
YMH9, 26065.0, 1, 2019-02-25 13:52:42
YMH9, 26065.0, 1, 2019-02-25 13:52:43
YMH9, 26065.0, 1, 2019-02-25 13:52:44
YMH9, 26065.0, 1, 2019-02-25 13:52:45
YMH9, 26065.0, 1, 2019-02-25 13:52:46
YMH9, 26065.0, 1, 2019-02-25 13:52:48
YMH9, 26065.0, 1, 2019-02-25 13:52:49
YMH9, 26064.0, 1, 2019-02-25 13:52:50
YMH9, 26064.0, 1, 2019-02-25 13:52:53
YMH9, 26064.0, 1, 2019-02-25 13:52:54
YMH9, 26064.0, 1, 2019-02-25 13:52:55
YMH9, 26064.0, 1, 2019-02-25 13:52:56
YMH9, 26063.0, 2, 2019-02-25 13:52:57
YMH9, 26063.0, 2, 2019-02-25 13:52:58
YMH9, 26063.0, 2, 2019-02-25 13:53:00
YMH9, 26063.0, 2, 2019-02-25 13:53:01
YMH9, 26063.0, 1, 2019-02-25 13:53:02
YMH9, 26063.0, 1, 2019-02-25 13:53:04
YMH9, 26063.0, 1, 2019-02-25 13:53:05
YMH9, 26063.0, 1, 2019-02-25 13:53:06
YMH9, 26063.0, 2, 2019-02-25 13:53:08
YMH9, 26063.0, 2, 2019-02-25 13:53:09
YMH9, 26063.0, 2, 2019-02-25 13:53:10
YMH9, 26063.0, 2, 2019-02-25 13:53:11
YMH9, 26063.0, 2, 2019-02-25 13:53:12
YMH9, 26063.0, 1, 2019-02-25 13:53:14
YMH9, 26064.0, 1, 2019-02-25 13:53:14
YMH9, 26064.0, 1, 2019-02-25 13:53:16
YMH9, 26064.0, 1, 2019-02-25 13:53:17
YMH9, 26064.0, 1, 2019-02-25 13:53:19
YMH9, 26063.0, 1, 2019-02-25 13:53:20
YMH9, 26064.0, 1, 2019-02-25 13:53:21
YMH9, 26064.0, 1, 2019-02-25 13:53:25
YMH9, 26064.0, 1, 2019-02-25 13:53:27
YMH9, 26064.0, 1, 2019-02-25 13:53:28
YMH9, 26064.0, 1, 2019-02-25 13:53:31
YMH9, 26064.0, 1, 2019-02-25 13:53:32
YMH9, 26065.0, 1, 2019-02-25 13:53:33
YMH9, 26065.0, 1, 2019-02-25 13:53:35
YMH9, 26065.0, 1, 2019-02-25 13:53:36
YMH9, 26065.0, 1, 2019-02-25 13:53:37
YMH9, 26065.0, 1, 2019-02-25 13:53:38
YMH9, 26065.0, 1, 2019-02-25 13:53:39
YMH9, 26065.0, 1, 2019-02-25 13:53:40
YMH9, 26065.0, 1, 2019-02-25 13:53:41
YMH9, 26065.0, 1, 2019-02-25 13:53:42
YMH9, 26065.0, 1, 2019-02-25 13:53:43
YMH9, 26064.0, 1, 2019-02-25 13:53:44
YMH9, 26064.0, 1, 2019-02-25 13:53:45
YMH9, 26064.0, 1, 2019-02-25 13:53:47
YMH9, 26064.0, 1, 2019-02-25 13:53:48
YMH9, 26064.0, 1, 2019-02-25 13:53:49
YMH9, 26064.0, 1, 2019-02-25 13:53:50
YMH9, 26064.0, 1, 2019-02-25 13:53:51
YMH9, 26064.0, 1, 2019-02-25 13:53:54
YMH9, 26064.0, 1, 2019-02-25 13:53:55
YMH9, 26064.0, 1, 2019-02-25 13:53:56
YMH9, 26064.0, 1, 2019-02-25 13:53:59
YMH9, 26062.0, 1, 2019-02-25 13:54:00
YMH9, 26062.0, 1, 2019-02-25 13:54:01
YMH9, 26063.0, 1, 2019-02-25 13:54:02
YMH9, 26063.0, 1, 2019-02-25 13:54:03
YMH9, 26062.0, 1, 2019-02-25 13:54:05
YMH9, 26062.0, 1, 2019-02-25 13:54:06
YMH9, 26062.0, 1, 2019-02-25 13:54:07
YMH9, 26062.0, 1, 2019-02-25 13:54:08
YMH9, 26062.0, 1, 2019-02-25 13:54:09
YMH9, 26062.0, 1, 2019-02-25 13:54:11
YMH9, 26062.0, 1, 2019-02-25 13:54:12
YMH9, 26061.0, 1, 2019-02-25 13:54:13
YMH9, 26060.0, 1, 2019-02-25 13:54:15
YMH9, 26060.0, 1, 2019-02-25 13:54:17
YMH9, 26060.0, 1, 2019-02-25 13:54:18
YMH9, 26060.0, 1, 2019-02-25 13:54:20
YMH9, 26060.0, 1, 2019-02-25 13:54:22
YMH9, 26060.0, 2, 2019-02-25 13:54:23
YMH9, 26060.0, 2, 2019-02-25 13:54:24
YMH9, 26060.0, 2, 2019-02-25 13:54:26
YMH9, 26060.0, 2, 2019-02-25 13:54:27
YMH9, 26060.0, 2, 2019-02-25 13:54:28
YMH9, 26060.0, 1, 2019-02-25 13:54:29
YMH9, 26060.0, 1, 2019-02-25 13:54:30
YMH9, 26060.0, 1, 2019-02-25 13:54:32
YMH9, 26060.0, 1, 2019-02-25 13:54:34
YMH9, 26060.0, 1, 2019-02-25 13:54:35
YMH9, 26060.0, 1, 2019-02-25 13:54:36
YMH9, 26060.0, 1, 2019-02-25 13:54:37
YMH9, 26061.0, 1, 2019-02-25 13:54:39
YMH9, 26061.0, 1, 2019-02-25 13:54:40
YMH9, 26061.0, 1, 2019-02-25 13:54:41
YMH9, 26061.0, 1, 2019-02-25 13:54:43
YMH9, 26061.0, 1, 2019-02-25 13:54:44
YMH9, 26062.0, 1, 2019-02-25 13:54:45
YMH9, 26062.0, 1, 2019-02-25 13:54:46
YMH9, 26062.0, 1, 2019-02-25 13:54:47
YMH9, 26062.0, 1, 2019-02-25 13:54:48
YMH9, 26062.0, 1, 2019-02-25 13:54:49
YMH9, 26062.0, 1, 2019-02-25 13:54:50
YMH9, 26062.0, 1, 2019-02-25 13:54:51
YMH9, 26061.0, 1, 2019-02-25 13:54:52
YMH9, 26061.0, 1, 2019-02-25 13:54:53
YMH9, 26061.0, 1, 2019-02-25 13:54:55
YMH9, 26061.0, 1, 2019-02-25 13:54:56
YMH9, 26061.0, 1, 2019-02-25 13:54:57
YMH9, 26061.0, 1, 2019-02-25 13:54:58
YMH9, 26061.0, 1, 2019-02-25 13:54:59
YMH9, 26061.0, 1, 2019-02-25 13:55:00
YMH9, 26061.0, 1, 2019-02-25 13:55:01
YMH9, 26061.0, 1, 2019-02-25 13:55:02
YMH9, 26061.0, 1, 2019-02-25 13:55:03
YMH9, 26061.0, 1, 2019-02-25 13:55:06
YMH9, 26061.0, 1, 2019-02-25 13:55:07
YMH9, 26061.0, 1, 2019-02-25 13:55:08
YMH9, 26061.0, 1, 2019-02-25 13:55:09
YMH9, 26061.0, 1, 2019-02-25 13:55:10
YMH9, 26061.0, 1, 2019-02-25 13:55:11
YMH9, 26061.0, 1, 2019-02-25 13:55:12
YMH9, 26061.0, 1, 2019-02-25 13:55:13
YMH9, 26061.0, 1, 2019-02-25 13:55:14
YMH9, 26061.0, 1, 2019-02-25 13:55:16
YMH9, 26060.0, 2, 2019-02-25 13:55:18
YMH9, 26060.0, 2, 2019-02-25 13:55:19
YMH9, 26060.0, 2, 2019-02-25 13:55:25
YMH9, 26060.0, 2, 2019-02-25 13:55:26
YMH9, 26060.0, 2, 2019-02-25 13:55:27
YMH9, 26060.0, 2, 2019-02-25 13:55:28
YMH9, 26059.0, 1, 2019-02-25 13:55:29
YMH9, 26059.0, 1, 2019-02-25 13:55:30
YMH9, 26059.0, 1, 2019-02-25 13:55:31
YMH9, 26059.0, 1, 2019-02-25 13:55:32
YMH9, 26059.0, 1, 2019-02-25 13:55:33
YMH9, 26059.0, 1, 2019-02-25 13:55:35
YMH9, 26058.0, 1, 2019-02-25 13:55:35
YMH9, 26058.0, 1, 2019-02-25 13:55:37
YMH9, 26058.0, 2, 2019-02-25 13:55:38
YMH9, 26058.0, 2, 2019-02-25 13:55:39
YMH9, 26058.0, 2, 2019-02-25 13:55:40
YMH9, 26058.0, 2, 2019-02-25 13:55:41
YMH9, 26058.0, 2, 2019-02-25 13:55:42
YMH9, 26058.0, 2, 2019-02-25 13:55:44
YMH9, 26058.0, 2, 2019-02-25 13:55:46
YMH9, 26058.0, 1, 2019-02-25 13:55:48
YMH9, 26058.0, 1, 2019-02-25 13:55:50
YMH9, 26058.0, 1, 2019-02-25 13:55:51
YMH9, 26058.0, 1, 2019-02-25 13:55:52
YMH9, 26058.0, 1, 2019-02-25 13:55:53
YMH9, 26058.0, 1, 2019-02-25 13:55:54
YMH9, 26059.0, 1, 2019-02-25 13:55:55
YMH9, 26059.0, 1, 2019-02-25 13:55:56
YMH9, 26059.0, 1, 2019-02-25 13:55:57
YMH9, 26059.0, 1, 2019-02-25 13:55:58
YMH9, 26059.0, 1, 2019-02-25 13:55:59
YMH9, 26059.0, 1, 2019-02-25 13:56:00
YMH9, 26059.0, 1, 2019-02-25 13:56:01
YMH9, 26059.0, 1, 2019-02-25 13:56:02
YMH9, 26059.0, 1, 2019-02-25 13:56:03
YMH9, 26059.0, 1, 2019-02-25 13:56:04
YMH9, 26059.0, 1, 2019-02-25 13:56:05
YMH9, 26059.0, 1, 2019-02-25 13:56:06
YMH9, 26060.0, 1, 2019-02-25 13:56:07
YMH9, 26060.0, 1, 2019-02-25 13:56:08
YMH9, 26060.0, 1, 2019-02-25 13:56:09
YMH9, 26060.0, 1, 2019-02-25 13:56:10
YMH9, 26060.0, 1, 2019-02-25 13:56:11
YMH9, 26060.0, 1, 2019-02-25 13:56:12
YMH9, 26060.0, 1, 2019-02-25 13:56:13
YMH9, 26060.0, 1, 2019-02-25 13:56:14
YMH9, 26060.0, 1, 2019-02-25 13:56:16
YMH9, 26060.0, 1, 2019-02-25 13:56:17
YMH9, 26060.0, 1, 2019-02-25 13:56:18
YMH9, 26060.0, 1, 2019-02-25 13:56:23
YMH9, 26061.0, 1, 2019-02-25 13:56:23
YMH9, 26061.0, 1, 2019-02-25 13:56:26
YMH9, 26061.0, 1, 2019-02-25 13:56:29
YMH9, 26061.0, 1, 2019-02-25 13:56:31
YMH9, 26061.0, 1, 2019-02-25 13:56:32
YMH9, 26061.0, 1, 2019-02-25 13:56:33
YMH9, 26061.0, 1, 2019-02-25 13:56:34
YMH9, 26061.0, 1, 2019-02-25 13:56:35
YMH9, 26061.0, 1, 2019-02-25 13:56:36
YMH9, 26061.0, 1, 2019-02-25 13:56:37
YMH9, 26061.0, 1, 2019-02-25 13:56:39
YMH9, 26061.0, 1, 2019-02-25 13:56:40
YMH9, 26061.0, 1, 2019-02-25 13:56:41
YMH9, 26061.0, 1, 2019-02-25 13:56:42
YMH9, 26061.0, 1, 2019-02-25 13:56:43
YMH9, 26061.0, 1, 2019-02-25 13:56:45
YMH9, 26061.0, 1, 2019-02-25 13:56:46
YMH9, 26061.0, 1, 2019-02-25 13:56:47
YMH9, 26061.0, 1, 2019-02-25 13:56:48
YMH9, 26061.0, 1, 2019-02-25 13:56:50
YMH9, 26061.0, 1, 2019-02-25 13:56:51
YMH9, 26061.0, 1, 2019-02-25 13:56:52
YMH9, 26061.0, 1, 2019-02-25 13:56:53
YMH9, 26060.0, 1, 2019-02-25 13:56:54
YMH9, 26060.0, 1, 2019-02-25 13:56:57
YMH9, 26060.0, 1, 2019-02-25 13:56:58
YMH9, 26060.0, 1, 2019-02-25 13:56:59
YMH9, 26060.0, 1, 2019-02-25 13:57:00
YMH9, 26060.0, 1, 2019-02-25 13:57:01
YMH9, 26060.0, 1, 2019-02-25 13:57:02
YMH9, 26060.0, 1, 2019-02-25 13:57:08
YMH9, 26060.0, 1, 2019-02-25 13:57:09
YMH9, 26060.0, 1, 2019-02-25 13:57:10
YMH9, 26060.0, 1, 2019-02-25 13:57:12
YMH9, 26060.0, 1, 2019-02-25 13:57:13
YMH9, 26060.0, 1, 2019-02-25 13:57:14
YMH9, 26060.0, 1, 2019-02-25 13:57:15
YMH9, 26060.0, 1, 2019-02-25 13:57:18
YMH9, 26060.0, 1, 2019-02-25 13:57:19
YMH9, 26060.0, 1, 2019-02-25 13:57:21
YMH9, 26060.0, 1, 2019-02-25 13:57:23
YMH9, 26060.0, 1, 2019-02-25 13:57:25
YMH9, 26060.0, 1, 2019-02-25 13:57:27
YMH9, 26062.0, 3, 2019-02-25 13:57:29
YMH9, 26062.0, 3, 2019-02-25 13:57:30
YMH9, 26062.0, 3, 2019-02-25 13:57:32
YMH9, 26062.0, 3, 2019-02-25 13:57:33
YMH9, 26062.0, 3, 2019-02-25 13:57:35
YMH9, 26062.0, 3, 2019-02-25 13:57:36
YMH9, 26062.0, 3, 2019-02-25 13:57:37
YMH9, 26062.0, 3, 2019-02-25 13:57:38
YMH9, 26062.0, 3, 2019-02-25 13:57:40
YMH9, 26062.0, 3, 2019-02-25 13:57:42
YMH9, 26062.0, 3, 2019-02-25 13:57:44
YMH9, 26062.0, 3, 2019-02-25 13:57:46
YMH9, 26062.0, 3, 2019-02-25 13:57:47
YMH9, 26065.0, 1, 2019-02-25 13:57:49
YMH9, 26064.0, 1, 2019-02-25 13:57:49
YMH9, 26064.0, 1, 2019-02-25 13:57:50
YMH9, 26064.0, 1, 2019-02-25 13:57:53
YMH9, 26064.0, 1, 2019-02-25 13:57:54
YMH9, 26064.0, 1, 2019-02-25 13:57:55
YMH9, 26064.0, 1, 2019-02-25 13:57:56
YMH9, 26064.0, 1, 2019-02-25 13:57:57
YMH9, 26064.0, 1, 2019-02-25 13:57:58
YMH9, 26064.0, 1, 2019-02-25 13:58:00
YMH9, 26062.0, 1, 2019-02-25 13:58:01
YMH9, 26062.0, 1, 2019-02-25 13:58:02
YMH9, 26062.0, 1, 2019-02-25 13:58:05
YMH9, 26062.0, 1, 2019-02-25 13:58:07
YMH9, 26062.0, 1, 2019-02-25 13:58:09
YMH9, 26062.0, 1, 2019-02-25 13:58:10
YMH9, 26062.0, 1, 2019-02-25 13:58:11
YMH9, 26062.0, 1, 2019-02-25 13:58:12
YMH9, 26062.0, 1, 2019-02-25 13:58:13
YMH9, 26062.0, 1, 2019-02-25 13:58:15
YMH9, 26062.0, 1, 2019-02-25 13:58:16
YMH9, 26062.0, 1, 2019-02-25 13:58:17
YMH9, 26062.0, 1, 2019-02-25 13:58:18
YMH9, 26062.0, 1, 2019-02-25 13:58:19
YMH9, 26062.0, 1, 2019-02-25 13:58:20
YMH9, 26062.0, 1, 2019-02-25 13:58:21
YMH9, 26060.0, 1, 2019-02-25 13:58:22
YMH9, 26060.0, 1, 2019-02-25 13:58:23
YMH9, 26060.0, 1, 2019-02-25 13:58:24
YMH9, 26060.0, 1, 2019-02-25 13:58:25
YMH9, 26060.0, 1, 2019-02-25 13:58:26
YMH9, 26060.0, 1, 2019-02-25 13:58:29
YMH9, 26061.0, 1, 2019-02-25 13:58:30
YMH9, 26061.0, 1, 2019-02-25 13:58:31
YMH9, 26061.0, 1, 2019-02-25 13:58:32
YMH9, 26061.0, 1, 2019-02-25 13:58:33
YMH9, 26061.0, 1, 2019-02-25 13:58:35
YMH9, 26061.0, 1, 2019-02-25 13:58:36
YMH9, 26062.0, 1, 2019-02-25 13:58:43
YMH9, 26062.0, 1, 2019-02-25 13:58:44
YMH9, 26062.0, 1, 2019-02-25 13:58:47
YMH9, 26062.0, 1, 2019-02-25 13:58:48
YMH9, 26062.0, 1, 2019-02-25 13:58:50
YMH9, 26062.0, 1, 2019-02-25 13:58:52
YMH9, 26062.0, 1, 2019-02-25 13:58:53
YMH9, 26062.0, 1, 2019-02-25 13:58:55
YMH9, 26062.0, 1, 2019-02-25 13:58:56
YMH9, 26063.0, 1, 2019-02-25 13:58:58
YMH9, 26063.0, 1, 2019-02-25 13:59:00
YMH9, 26063.0, 1, 2019-02-25 13:59:01
YMH9, 26063.0, 1, 2019-02-25 13:59:02
YMH9, 26063.0, 1, 2019-02-25 13:59:03
YMH9, 26063.0, 1, 2019-02-25 13:59:04
YMH9, 26063.0, 1, 2019-02-25 13:59:05
YMH9, 26064.0, 1, 2019-02-25 13:59:06
YMH9, 26064.0, 1, 2019-02-25 13:59:09
YMH9, 26064.0, 1, 2019-02-25 13:59:10
YMH9, 26064.0, 1, 2019-02-25 13:59:12
YMH9, 26064.0, 1, 2019-02-25 13:59:13
YMH9, 26064.0, 1, 2019-02-25 13:59:14
YMH9, 26064.0, 1, 2019-02-25 13:59:15
YMH9, 26064.0, 1, 2019-02-25 13:59:16
YMH9, 26063.0, 1, 2019-02-25 13:59:17
YMH9, 26063.0, 1, 2019-02-25 13:59:18
YMH9, 26063.0, 1, 2019-02-25 13:59:19
YMH9, 26063.0, 1, 2019-02-25 13:59:20
YMH9, 26064.0, 1, 2019-02-25 13:59:21
YMH9, 26064.0, 1, 2019-02-25 13:59:22
YMH9, 26064.0, 1, 2019-02-25 13:59:23
YMH9, 26064.0, 1, 2019-02-25 13:59:24
YMH9, 26063.0, 1, 2019-02-25 13:59:26
YMH9, 26063.0, 1, 2019-02-25 13:59:27
YMH9, 26063.0, 1, 2019-02-25 13:59:28
YMH9, 26063.0, 1, 2019-02-25 13:59:30
YMH9, 26063.0, 1, 2019-02-25 13:59:31
YMH9, 26063.0, 1, 2019-02-25 13:59:32
YMH9, 26063.0, 1, 2019-02-25 13:59:33
YMH9, 26063.0, 1, 2019-02-25 13:59:35
YMH9, 26063.0, 1, 2019-02-25 13:59:38
YMH9, 26064.0, 1, 2019-02-25 13:59:39
YMH9, 26064.0, 1, 2019-02-25 13:59:42
YMH9, 26064.0, 1, 2019-02-25 13:59:43
YMH9, 26064.0, 1, 2019-02-25 13:59:44
YMH9, 26064.0, 1, 2019-02-25 13:59:45
YMH9, 26064.0, 1, 2019-02-25 13:59:47
YMH9, 26064.0, 1, 2019-02-25 13:59:48
YMH9, 26064.0, 1, 2019-02-25 13:59:50
YMH9, 26064.0, 2, 2019-02-25 13:59:51
YMH9, 26064.0, 2, 2019-02-25 13:59:53
YMH9, 26064.0, 2, 2019-02-25 13:59:54
YMH9, 26064.0, 2, 2019-02-25 13:59:55
YMH9, 26064.0, 2, 2019-02-25 13:59:57
YMH9, 26063.0, 1, 2019-02-25 13:59:58
YMH9, 26065.0, 1, 2019-02-25 13:59:59
YMH9, 26065.0, 1, 2019-02-25 14:00:00
YMH9, 26065.0, 1, 2019-02-25 14:00:01
YMH9, 26065.0, 1, 2019-02-25 14:00:03
YMH9, 26065.0, 1, 2019-02-25 14:00:04
YMH9, 26065.0, 1, 2019-02-25 14:00:06
YMH9, 26065.0, 1, 2019-02-25 14:00:08
YMH9, 26065.0, 1, 2019-02-25 14:00:09
YMH9, 26065.0, 1, 2019-02-25 14:00:10
YMH9, 26065.0, 1, 2019-02-25 14:00:12
YMH9, 26064.0, 1, 2019-02-25 14:00:13
YMH9, 26063.0, 1, 2019-02-25 14:00:14
YMH9, 26064.0, 1, 2019-02-25 14:00:15
YMH9, 26064.0, 2, 2019-02-25 14:00:16
YMH9, 26064.0, 2, 2019-02-25 14:00:17
YMH9, 26064.0, 2, 2019-02-25 14:00:18
YMH9, 26065.0, 1, 2019-02-25 14:00:19
YMH9, 26063.0, 2, 2019-02-25 14:00:20
YMH9, 26063.0, 2, 2019-02-25 14:00:21
YMH9, 26064.0, 1, 2019-02-25 14:00:22
YMH9, 26064.0, 1, 2019-02-25 14:00:24
YMH9, 26064.0, 1, 2019-02-25 14:00:25
YMH9, 26063.0, 1, 2019-02-25 14:00:26
YMH9, 26063.0, 1, 2019-02-25 14:00:27
YMH9, 26063.0, 1, 2019-02-25 14:00:28
YMH9, 26063.0, 1, 2019-02-25 14:00:29
YMH9, 26063.0, 1, 2019-02-25 14:00:30
YMH9, 26064.0, 1, 2019-02-25 14:00:31
YMH9, 26064.0, 1, 2019-02-25 14:00:32
YMH9, 26064.0, 1, 2019-02-25 14:00:33
YMH9, 26064.0, 1, 2019-02-25 14:00:34
YMH9, 26064.0, 1, 2019-02-25 14:00:35
YMH9, 26064.0, 1, 2019-02-25 14:00:38
YMH9, 26064.0, 1, 2019-02-25 14:00:39
YMH9, 26064.0, 1, 2019-02-25 14:00:40
YMH9, 26065.0, 1, 2019-02-25 14:00:41
YMH9, 26065.0, 1, 2019-02-25 14:00:42
YMH9, 26065.0, 2, 2019-02-25 14:00:43
YMH9, 26065.0, 2, 2019-02-25 14:00:45
YMH9, 26065.0, 2, 2019-02-25 14:00:47
YMH9, 26065.0, 2, 2019-02-25 14:00:48
YMH9, 26066.0, 1, 2019-02-25 14:00:49
YMH9, 26066.0, 1, 2019-02-25 14:00:52
YMH9, 26065.0, 2, 2019-02-25 14:00:53
YMH9, 26065.0, 2, 2019-02-25 14:00:54
YMH9, 26065.0, 2, 2019-02-25 14:00:56
YMH9, 26065.0, 2, 2019-02-25 14:00:57
YMH9, 26067.0, 2, 2019-02-25 14:00:59
YMH9, 26066.0, 7, 2019-02-25 14:01:00
YMH9, 26066.0, 7, 2019-02-25 14:01:01
YMH9, 26066.0, 7, 2019-02-25 14:01:03
YMH9, 26066.0, 7, 2019-02-25 14:01:05
YMH9, 26066.0, 7, 2019-02-25 14:01:07
YMH9, 26066.0, 7, 2019-02-25 14:01:08
YMH9, 26066.0, 7, 2019-02-25 14:01:10
YMH9, 26066.0, 7, 2019-02-25 14:01:12
YMH9, 26066.0, 1, 2019-02-25 14:01:13
YMH9, 26066.0, 1, 2019-02-25 14:01:15
YMH9, 26066.0, 1, 2019-02-25 14:01:17
YMH9, 26065.0, 1, 2019-02-25 14:01:18
YMH9, 26065.0, 1, 2019-02-25 14:01:19
YMH9, 26065.0, 1, 2019-02-25 14:01:20
YMH9, 26065.0, 1, 2019-02-25 14:01:21
YMH9, 26065.0, 1, 2019-02-25 14:01:22
YMH9, 26065.0, 1, 2019-02-25 14:01:23
YMH9, 26065.0, 1, 2019-02-25 14:01:24
YMH9, 26065.0, 1, 2019-02-25 14:01:25
YMH9, 26065.0, 1, 2019-02-25 14:01:26
YMH9, 26065.0, 1, 2019-02-25 14:01:27
YMH9, 26065.0, 1, 2019-02-25 14:01:28
YMH9, 26065.0, 1, 2019-02-25 14:01:29
YMH9, 26065.0, 1, 2019-02-25 14:01:30
YMH9, 26065.0, 1, 2019-02-25 14:01:31
YMH9, 26065.0, 1, 2019-02-25 14:01:32
YMH9, 26065.0, 1, 2019-02-25 14:01:33
YMH9, 26065.0, 1, 2019-02-25 14:01:35
YMH9, 26065.0, 1, 2019-02-25 14:01:36
YMH9, 26065.0, 1, 2019-02-25 14:01:37
YMH9, 26065.0, 1, 2019-02-25 14:01:38
YMH9, 26065.0, 1, 2019-02-25 14:01:40
YMH9, 26065.0, 1, 2019-02-25 14:01:41
YMH9, 26065.0, 1, 2019-02-25 14:01:44
YMH9, 26065.0, 1, 2019-02-25 14:01:45
YMH9, 26065.0, 1, 2019-02-25 14:01:46
YMH9, 26065.0, 1, 2019-02-25 14:01:47
YMH9, 26065.0, 1, 2019-02-25 14:01:49
YMH9, 26065.0, 1, 2019-02-25 14:01:51
YMH9, 26066.0, 1, 2019-02-25 14:01:52
YMH9, 26066.0, 1, 2019-02-25 14:01:53
YMH9, 26066.0, 1, 2019-02-25 14:01:54
YMH9, 26066.0, 1, 2019-02-25 14:01:56
YMH9, 26066.0, 1, 2019-02-25 14:01:57
YMH9, 26066.0, 1, 2019-02-25 14:01:59
YMH9, 26066.0, 1, 2019-02-25 14:02:00
YMH9, 26066.0, 1, 2019-02-25 14:02:04
YMH9, 26066.0, 1, 2019-02-25 14:02:05
YMH9, 26066.0, 1, 2019-02-25 14:02:07
YMH9, 26066.0, 1, 2019-02-25 14:02:08
YMH9, 26066.0, 1, 2019-02-25 14:02:12
YMH9, 26066.0, 1, 2019-02-25 14:02:13
YMH9, 26064.0, 1, 2019-02-25 14:02:14
YMH9, 26064.0, 1, 2019-02-25 14:02:15
YMH9, 26064.0, 1, 2019-02-25 14:02:17
YMH9, 26063.0, 1, 2019-02-25 14:02:19
YMH9, 26063.0, 1, 2019-02-25 14:02:20
YMH9, 26063.0, 1, 2019-02-25 14:02:21
YMH9, 26063.0, 1, 2019-02-25 14:02:22
YMH9, 26063.0, 1, 2019-02-25 14:02:23
YMH9, 26064.0, 4, 2019-02-25 14:02:25
YMH9, 26064.0, 4, 2019-02-25 14:02:26
YMH9, 26064.0, 4, 2019-02-25 14:02:27
YMH9, 26064.0, 4, 2019-02-25 14:02:28
YMH9, 26063.0, 1, 2019-02-25 14:02:29
YMH9, 26063.0, 1, 2019-02-25 14:02:30
YMH9, 26064.0, 1, 2019-02-25 14:02:31
YMH9, 26064.0, 1, 2019-02-25 14:02:33
YMH9, 26064.0, 1, 2019-02-25 14:02:34
YMH9, 26064.0, 1, 2019-02-25 14:02:35
YMH9, 26064.0, 1, 2019-02-25 14:02:36
YMH9, 26064.0, 1, 2019-02-25 14:02:37
YMH9, 26061.0, 1, 2019-02-25 14:02:38
YMH9, 26061.0, 1, 2019-02-25 14:02:39
YMH9, 26060.0, 1, 2019-02-25 14:02:40
YMH9, 26060.0, 1, 2019-02-25 14:02:41
YMH9, 26060.0, 1, 2019-02-25 14:02:42
YMH9, 26061.0, 1, 2019-02-25 14:02:43
YMH9, 26061.0, 1, 2019-02-25 14:02:45
YMH9, 26061.0, 1, 2019-02-25 14:02:46
YMH9, 26061.0, 2, 2019-02-25 14:02:47
YMH9, 26061.0, 2, 2019-02-25 14:02:49
YMH9, 26061.0, 2, 2019-02-25 14:02:50
YMH9, 26061.0, 2, 2019-02-25 14:02:52
YMH9, 26061.0, 2, 2019-02-25 14:02:53
YMH9, 26061.0, 2, 2019-02-25 14:02:55
YMH9, 26059.0, 1, 2019-02-25 14:02:57
YMH9, 26059.0, 1, 2019-02-25 14:02:59
YMH9, 26059.0, 1, 2019-02-25 14:03:00
YMH9, 26060.0, 2, 2019-02-25 14:03:02
YMH9, 26060.0, 1, 2019-02-25 14:03:03
YMH9, 26060.0, 1, 2019-02-25 14:03:04
YMH9, 26060.0, 1, 2019-02-25 14:03:05
YMH9, 26060.0, 1, 2019-02-25 14:03:07
YMH9, 26060.0, 1, 2019-02-25 14:03:09
YMH9, 26059.0, 2, 2019-02-25 14:03:10
YMH9, 26059.0, 2, 2019-02-25 14:03:12
YMH9, 26059.0, 2, 2019-02-25 14:03:13
YMH9, 26060.0, 1, 2019-02-25 14:03:14
YMH9, 26060.0, 2, 2019-02-25 14:03:16
YMH9, 26060.0, 2, 2019-02-25 14:03:17
YMH9, 26060.0, 2, 2019-02-25 14:03:18
YMH9, 26060.0, 2, 2019-02-25 14:03:19
YMH9, 26060.0, 2, 2019-02-25 14:03:20
YMH9, 26060.0, 2, 2019-02-25 14:03:21
YMH9, 26060.0, 2, 2019-02-25 14:03:22
YMH9, 26060.0, 2, 2019-02-25 14:03:24
YMH9, 26060.0, 2, 2019-02-25 14:03:25
YMH9, 26060.0, 2, 2019-02-25 14:03:27
YMH9, 26060.0, 2, 2019-02-25 14:03:30
YMH9, 26061.0, 1, 2019-02-25 14:03:31
YMH9, 26061.0, 1, 2019-02-25 14:03:32
YMH9, 26061.0, 1, 2019-02-25 14:03:33
YMH9, 26061.0, 1, 2019-02-25 14:03:35
YMH9, 26062.0, 4, 2019-02-25 14:03:36
YMH9, 26062.0, 4, 2019-02-25 14:03:38
YMH9, 26062.0, 4, 2019-02-25 14:03:40
YMH9, 26062.0, 4, 2019-02-25 14:03:41
YMH9, 26062.0, 1, 2019-02-25 14:03:42
YMH9, 26062.0, 1, 2019-02-25 14:03:43
YMH9, 26062.0, 1, 2019-02-25 14:03:44
YMH9, 26064.0, 1, 2019-02-25 14:03:45
YMH9, 26064.0, 2, 2019-02-25 14:03:46
YMH9, 26065.0, 1, 2019-02-25 14:03:47
YMH9, 26065.0, 1, 2019-02-25 14:03:48
YMH9, 26065.0, 1, 2019-02-25 14:03:49
YMH9, 26065.0, 1, 2019-02-25 14:03:50
YMH9, 26065.0, 2, 2019-02-25 14:03:51
YMH9, 26065.0, 2, 2019-02-25 14:03:52
YMH9, 26066.0, 1, 2019-02-25 14:03:53
YMH9, 26066.0, 2, 2019-02-25 14:03:55
YMH9, 26066.0, 2, 2019-02-25 14:03:56
YMH9, 26066.0, 2, 2019-02-25 14:03:58
YMH9, 26066.0, 2, 2019-02-25 14:03:59
YMH9, 26066.0, 2, 2019-02-25 14:04:00
YMH9, 26066.0, 2, 2019-02-25 14:04:01
YMH9, 26066.0, 2, 2019-02-25 14:04:02
YMH9, 26066.0, 2, 2019-02-25 14:04:04
YMH9, 26066.0, 2, 2019-02-25 14:04:05
YMH9, 26066.0, 2, 2019-02-25 14:04:06
YMH9, 26067.0, 2, 2019-02-25 14:04:08
YMH9, 26067.0, 2, 2019-02-25 14:04:10
YMH9, 26067.0, 2, 2019-02-25 14:04:13
YMH9, 26066.0, 2, 2019-02-25 14:04:14
YMH9, 26066.0, 2, 2019-02-25 14:04:17
YMH9, 26066.0, 2, 2019-02-25 14:04:18
YMH9, 26066.0, 2, 2019-02-25 14:04:22
YMH9, 26065.0, 2, 2019-02-25 14:04:24
YMH9, 26065.0, 2, 2019-02-25 14:04:26
YMH9, 26065.0, 2, 2019-02-25 14:04:27
YMH9, 26065.0, 2, 2019-02-25 14:04:28
YMH9, 26064.0, 1, 2019-02-25 14:04:29
YMH9, 26064.0, 1, 2019-02-25 14:04:30
YMH9, 26064.0, 1, 2019-02-25 14:04:33
YMH9, 26064.0, 1, 2019-02-25 14:04:34
YMH9, 26064.0, 1, 2019-02-25 14:04:36
YMH9, 26065.0, 3, 2019-02-25 14:04:39
YMH9, 26065.0, 3, 2019-02-25 14:04:40
YMH9, 26064.0, 4, 2019-02-25 14:04:41
YMH9, 26064.0, 4, 2019-02-25 14:04:44
YMH9, 26065.0, 1, 2019-02-25 14:04:45
YMH9, 26065.0, 1, 2019-02-25 14:04:46
YMH9, 26066.0, 2, 2019-02-25 14:04:47
YMH9, 26066.0, 1, 2019-02-25 14:04:48
YMH9, 26066.0, 1, 2019-02-25 14:04:49
YMH9, 26066.0, 1, 2019-02-25 14:04:50
YMH9, 26066.0, 1, 2019-02-25 14:04:51
YMH9, 26066.0, 1, 2019-02-25 14:04:52
YMH9, 26066.0, 1, 2019-02-25 14:04:53
YMH9, 26066.0, 1, 2019-02-25 14:04:54
YMH9, 26066.0, 1, 2019-02-25 14:04:55
YMH9, 26066.0, 1, 2019-02-25 14:04:56
YMH9, 26066.0, 1, 2019-02-25 14:04:57
YMH9, 26066.0, 1, 2019-02-25 14:04:58
YMH9, 26066.0, 1, 2019-02-25 14:05:00
YMH9, 26066.0, 1, 2019-02-25 14:05:01
YMH9, 26066.0, 1, 2019-02-25 14:05:03
YMH9, 26066.0, 1, 2019-02-25 14:05:04
YMH9, 26066.0, 1, 2019-02-25 14:05:05
YMH9, 26066.0, 1, 2019-02-25 14:05:09
YMH9, 26066.0, 1, 2019-02-25 14:05:10
YMH9, 26066.0, 1, 2019-02-25 14:05:14
YMH9, 26066.0, 1, 2019-02-25 14:05:15
YMH9, 26066.0, 1, 2019-02-25 14:05:18
YMH9, 26066.0, 1, 2019-02-25 14:05:19
YMH9, 26066.0, 1, 2019-02-25 14:05:21
YMH9, 26066.0, 1, 2019-02-25 14:05:23
YMH9, 26066.0, 1, 2019-02-25 14:05:24
YMH9, 26066.0, 1, 2019-02-25 14:05:27
YMH9, 26066.0, 1, 2019-02-25 14:05:29
YMH9, 26067.0, 1, 2019-02-25 14:05:31
YMH9, 26067.0, 1, 2019-02-25 14:05:32
YMH9, 26067.0, 1, 2019-02-25 14:05:33
YMH9, 26067.0, 1, 2019-02-25 14:05:34
YMH9, 26066.0, 1, 2019-02-25 14:05:36
YMH9, 26065.0, 1, 2019-02-25 14:05:36
YMH9, 26065.0, 1, 2019-02-25 14:05:38
YMH9, 26065.0, 1, 2019-02-25 14:05:42
YMH9, 26065.0, 1, 2019-02-25 14:05:43
YMH9, 26065.0, 1, 2019-02-25 14:05:45
YMH9, 26065.0, 1, 2019-02-25 14:05:46
YMH9, 26065.0, 1, 2019-02-25 14:05:48
YMH9, 26065.0, 1, 2019-02-25 14:05:50
YMH9, 26065.0, 1, 2019-02-25 14:05:51
YMH9, 26065.0, 1, 2019-02-25 14:05:52
YMH9, 26065.0, 1, 2019-02-25 14:05:54
YMH9, 26065.0, 1, 2019-02-25 14:05:55
YMH9, 26065.0, 1, 2019-02-25 14:05:56
YMH9, 26065.0, 1, 2019-02-25 14:05:57
YMH9, 26065.0, 1, 2019-02-25 14:05:58
YMH9, 26065.0, 1, 2019-02-25 14:05:59
YMH9, 26065.0, 1, 2019-02-25 14:06:00
YMH9, 26066.0, 1, 2019-02-25 14:06:02
YMH9, 26066.0, 1, 2019-02-25 14:06:03
YMH9, 26066.0, 1, 2019-02-25 14:06:04
YMH9, 26066.0, 1, 2019-02-25 14:06:05
YMH9, 26066.0, 1, 2019-02-25 14:06:06
YMH9, 26066.0, 1, 2019-02-25 14:06:07
YMH9, 26066.0, 1, 2019-02-25 14:06:08
YMH9, 26066.0, 1, 2019-02-25 14:06:09
YMH9, 26066.0, 1, 2019-02-25 14:06:10
YMH9, 26066.0, 1, 2019-02-25 14:06:11
YMH9, 26066.0, 1, 2019-02-25 14:06:16
YMH9, 26066.0, 1, 2019-02-25 14:06:18
YMH9, 26066.0, 1, 2019-02-25 14:06:19
YMH9, 26066.0, 1, 2019-02-25 14:06:22
YMH9, 26066.0, 1, 2019-02-25 14:06:23
YMH9, 26066.0, 1, 2019-02-25 14:06:26
YMH9, 26066.0, 1, 2019-02-25 14:06:28
YMH9, 26066.0, 1, 2019-02-25 14:06:29
YMH9, 26066.0, 1, 2019-02-25 14:06:31
YMH9, 26066.0, 1, 2019-02-25 14:06:32
YMH9, 26066.0, 1, 2019-02-25 14:06:33
YMH9, 26067.0, 1, 2019-02-25 14:06:35
YMH9, 26067.0, 1, 2019-02-25 14:06:36
YMH9, 26067.0, 1, 2019-02-25 14:06:38
YMH9, 26067.0, 1, 2019-02-25 14:06:40
YMH9, 26067.0, 1, 2019-02-25 14:06:43
YMH9, 26067.0, 1, 2019-02-25 14:06:45
YMH9, 26068.0, 1, 2019-02-25 14:06:46
YMH9, 26068.0, 1, 2019-02-25 14:06:47
YMH9, 26068.0, 1, 2019-02-25 14:06:48
YMH9, 26068.0, 1, 2019-02-25 14:06:49
YMH9, 26068.0, 1, 2019-02-25 14:06:50
YMH9, 26068.0, 1, 2019-02-25 14:06:51
YMH9, 26068.0, 1, 2019-02-25 14:06:52
YMH9, 26068.0, 1, 2019-02-25 14:06:53
YMH9, 26068.0, 1, 2019-02-25 14:06:54
YMH9, 26068.0, 1, 2019-02-25 14:06:55
YMH9, 26068.0, 1, 2019-02-25 14:06:56
